<TICKER>;<PER>;<DATE>;<TIME>;<LAST>;<VOL>
SPFB.RTS;0;20230428;085936;101050.000000000;1
SPFB.RTS;0;20230428;085936;101050.000000000;1
SPFB.RTS;0;20230428;090000;101090.000000000;1
SPFB.RTS;0;20230428;090000;101090.000000000;1
SPFB.RTS;0;20230428;090000;101090.000000000;4
SPFB.RTS;0;20230428;090000;101090.000000000;1
SPFB.RTS;0;20230428;090000;101090.000000000;1
SPFB.RTS;0;20230428;090000;101100.000000000;1
SPFB.RTS;0;20230428;090000;101090.000000000;1
SPFB.RTS;0;20230428;090001;101060.000000000;1
SPFB.RTS;0;20230428;090001;101090.000000000;1
SPFB.RTS;0;20230428;090001;101060.000000000;1
SPFB.RTS;0;20230428;090001;101060.000000000;1
SPFB.RTS;0;20230428;090001;101060.000000000;1
SPFB.RTS;0;20230428;090001;101070.000000000;1
SPFB.RTS;0;20230428;090001;101070.000000000;1
SPFB.RTS;0;20230428;090001;101070.000000000;2
SPFB.RTS;0;20230428;090001;101070.000000000;1
SPFB.RTS;0;20230428;090001;101080.000000000;2
SPFB.RTS;0;20230428;090001;101080.000000000;1
SPFB.RTS;0;20230428;090001;101090.000000000;2
SPFB.RTS;0;20230428;090001;101090.000000000;1
SPFB.RTS;0;20230428;090001;101100.000000000;4
SPFB.RTS;0;20230428;090001;101090.000000000;1
SPFB.RTS;0;20230428;090001;101090.000000000;2
SPFB.RTS;0;20230428;090002;101060.000000000;1
SPFB.RTS;0;20230428;090002;101070.000000000;1
SPFB.RTS;0;20230428;090002;101060.000000000;1
SPFB.RTS;0;20230428;090003;101090.000000000;1
SPFB.RTS;0;20230428;090005;101080.000000000;2
SPFB.RTS;0;20230428;090005;101080.000000000;1
SPFB.RTS;0;20230428;090006;101080.000000000;1
SPFB.RTS;0;20230428;090006;101080.000000000;1
SPFB.RTS;0;20230428;090006;101090.000000000;2
SPFB.RTS;0;20230428;090006;101090.000000000;1
SPFB.RTS;0;20230428;090006;101090.000000000;1
SPFB.RTS;0;20230428;090006;101090.000000000;1
SPFB.RTS;0;20230428;090006;101090.000000000;2
SPFB.RTS;0;20230428;090006;101090.000000000;5
SPFB.RTS;0;20230428;090006;101100.000000000;200
SPFB.RTS;0;20230428;090006;101100.000000000;1
SPFB.RTS;0;20230428;090006;101100.000000000;1
SPFB.RTS;0;20230428;090006;101100.000000000;1
SPFB.RTS;0;20230428;090006;101100.000000000;1
SPFB.RTS;0;20230428;090006;101100.000000000;2
SPFB.RTS;0;20230428;090006;101100.000000000;2
SPFB.RTS;0;20230428;090006;101100.000000000;2
SPFB.RTS;0;20230428;090006;101100.000000000;5
SPFB.RTS;0;20230428;090006;101100.000000000;4
SPFB.RTS;0;20230428;090006;101100.000000000;1
SPFB.RTS;0;20230428;090006;101100.000000000;1
SPFB.RTS;0;20230428;090006;101100.000000000;2
SPFB.RTS;0;20230428;090007;101060.000000000;1
SPFB.RTS;0;20230428;090009;101090.000000000;1
SPFB.RTS;0;20230428;090009;101090.000000000;2
SPFB.RTS;0;20230428;090009;101090.000000000;2
SPFB.RTS;0;20230428;090009;101080.000000000;1
SPFB.RTS;0;20230428;090009;101080.000000000;1
SPFB.RTS;0;20230428;090009;101070.000000000;1
SPFB.RTS;0;20230428;090009;101070.000000000;1
SPFB.RTS;0;20230428;090011;101070.000000000;1
SPFB.RTS;0;20230428;090011;101070.000000000;1
SPFB.RTS;0;20230428;090011;101070.000000000;1
SPFB.RTS;0;20230428;090011;101070.000000000;1
SPFB.RTS;0;20230428;090011;101070.000000000;1
SPFB.RTS;0;20230428;090011;101060.000000000;1
SPFB.RTS;0;20230428;090011;101070.000000000;2
SPFB.RTS;0;20230428;090011;101070.000000000;3
SPFB.RTS;0;20230428;090011;101070.000000000;2
SPFB.RTS;0;20230428;090013;101070.000000000;1
SPFB.RTS;0;20230428;090013;101070.000000000;2
SPFB.RTS;0;20230428;090014;101060.000000000;1
SPFB.RTS;0;20230428;090014;101060.000000000;1
SPFB.RTS;0;20230428;090014;101060.000000000;1
SPFB.RTS;0;20230428;090014;101060.000000000;1
SPFB.RTS;0;20230428;090014;101060.000000000;1
SPFB.RTS;0;20230428;090014;101050.000000000;1
SPFB.RTS;0;20230428;090014;101060.000000000;1
SPFB.RTS;0;20230428;090014;101050.000000000;1
SPFB.RTS;0;20230428;090016;101060.000000000;1
SPFB.RTS;0;20230428;090017;101060.000000000;1
SPFB.RTS;0;20230428;090017;101060.000000000;1
SPFB.RTS;0;20230428;090017;101070.000000000;1
SPFB.RTS;0;20230428;090017;101060.000000000;1
SPFB.RTS;0;20230428;090017;101060.000000000;1
SPFB.RTS;0;20230428;090018;101060.000000000;2
SPFB.RTS;0;20230428;090022;101060.000000000;2
SPFB.RTS;0;20230428;090022;101060.000000000;1
SPFB.RTS;0;20230428;090022;101060.000000000;1
SPFB.RTS;0;20230428;090022;101060.000000000;1
SPFB.RTS;0;20230428;090023;101060.000000000;2
SPFB.RTS;0;20230428;090024;101050.000000000;1
SPFB.RTS;0;20230428;090024;101050.000000000;1
SPFB.RTS;0;20230428;090024;101050.000000000;2
SPFB.RTS;0;20230428;090024;101050.000000000;1
SPFB.RTS;0;20230428;090025;101060.000000000;1
SPFB.RTS;0;20230428;090026;101050.000000000;1
SPFB.RTS;0;20230428;090027;101050.000000000;1
SPFB.RTS;0;20230428;090027;101060.000000000;1
SPFB.RTS;0;20230428;090029;101060.000000000;1
SPFB.RTS;0;20230428;090029;101060.000000000;1
SPFB.RTS;0;20230428;090029;101060.000000000;2
SPFB.RTS;0;20230428;090029;101060.000000000;1
SPFB.RTS;0;20230428;090029;101070.000000000;5
SPFB.RTS;0;20230428;090029;101060.000000000;1
SPFB.RTS;0;20230428;090031;101050.000000000;1
SPFB.RTS;0;20230428;090034;101050.000000000;4
SPFB.RTS;0;20230428;090034;101050.000000000;1
SPFB.RTS;0;20230428;090034;101050.000000000;2
SPFB.RTS;0;20230428;090035;101040.000000000;2
SPFB.RTS;0;20230428;090035;101040.000000000;1
SPFB.RTS;0;20230428;090035;101040.000000000;1
SPFB.RTS;0;20230428;090038;101050.000000000;1
SPFB.RTS;0;20230428;090038;101050.000000000;1
SPFB.RTS;0;20230428;090039;101050.000000000;1
SPFB.RTS;0;20230428;090040;101050.000000000;1
SPFB.RTS;0;20230428;090040;101060.000000000;1
SPFB.RTS;0;20230428;090040;101060.000000000;1
SPFB.RTS;0;20230428;090042;101070.000000000;1
SPFB.RTS;0;20230428;090042;101070.000000000;1
SPFB.RTS;0;20230428;090042;101070.000000000;1
SPFB.RTS;0;20230428;090042;101080.000000000;1
SPFB.RTS;0;20230428;090043;101060.000000000;1
SPFB.RTS;0;20230428;090043;101050.000000000;1
SPFB.RTS;0;20230428;090043;101050.000000000;2
SPFB.RTS;0;20230428;090043;101050.000000000;1
SPFB.RTS;0;20230428;090043;101040.000000000;2
SPFB.RTS;0;20230428;090043;101040.000000000;1
SPFB.RTS;0;20230428;090043;101040.000000000;1
SPFB.RTS;0;20230428;090043;101040.000000000;1
SPFB.RTS;0;20230428;090043;101040.000000000;1
SPFB.RTS;0;20230428;090043;101040.000000000;1
SPFB.RTS;0;20230428;090043;101040.000000000;1
SPFB.RTS;0;20230428;090043;101040.000000000;1
SPFB.RTS;0;20230428;090044;101040.000000000;1
SPFB.RTS;0;20230428;090045;101030.000000000;1
SPFB.RTS;0;20230428;090045;101030.000000000;1
SPFB.RTS;0;20230428;090045;101030.000000000;1
SPFB.RTS;0;20230428;090045;101020.000000000;1
SPFB.RTS;0;20230428;090045;101030.000000000;1
SPFB.RTS;0;20230428;090046;101040.000000000;2
SPFB.RTS;0;20230428;090046;101040.000000000;3
SPFB.RTS;0;20230428;090046;101040.000000000;16
SPFB.RTS;0;20230428;090046;101040.000000000;5
SPFB.RTS;0;20230428;090046;101040.000000000;1
SPFB.RTS;0;20230428;090047;101040.000000000;8
SPFB.RTS;0;20230428;090047;101040.000000000;4
SPFB.RTS;0;20230428;090047;101040.000000000;2
SPFB.RTS;0;20230428;090047;101030.000000000;1
SPFB.RTS;0;20230428;090047;101030.000000000;2
SPFB.RTS;0;20230428;090047;101030.000000000;1
SPFB.RTS;0;20230428;090047;101050.000000000;1
SPFB.RTS;0;20230428;090048;101040.000000000;1
SPFB.RTS;0;20230428;090049;101040.000000000;1
SPFB.RTS;0;20230428;090049;101030.000000000;1
SPFB.RTS;0;20230428;090049;101030.000000000;1
SPFB.RTS;0;20230428;090049;101030.000000000;1
SPFB.RTS;0;20230428;090049;101030.000000000;1
SPFB.RTS;0;20230428;090051;101050.000000000;5
SPFB.RTS;0;20230428;090053;101050.000000000;5
SPFB.RTS;0;20230428;090053;101050.000000000;1
SPFB.RTS;0;20230428;090054;101030.000000000;1
SPFB.RTS;0;20230428;090056;101060.000000000;1
SPFB.RTS;0;20230428;090057;101060.000000000;1
SPFB.RTS;0;20230428;090057;101070.000000000;1
SPFB.RTS;0;20230428;090057;101070.000000000;1
SPFB.RTS;0;20230428;090057;101070.000000000;2
SPFB.RTS;0;20230428;090057;101080.000000000;1
SPFB.RTS;0;20230428;090057;101080.000000000;1
SPFB.RTS;0;20230428;090057;101080.000000000;2
SPFB.RTS;0;20230428;090057;101080.000000000;2
SPFB.RTS;0;20230428;090057;101080.000000000;1
SPFB.RTS;0;20230428;090057;101080.000000000;1
SPFB.RTS;0;20230428;090057;101080.000000000;1
SPFB.RTS;0;20230428;090057;101090.000000000;2
SPFB.RTS;0;20230428;090057;101090.000000000;3
SPFB.RTS;0;20230428;090057;101090.000000000;1
SPFB.RTS;0;20230428;090057;101090.000000000;1
SPFB.RTS;0;20230428;090057;101090.000000000;1
SPFB.RTS;0;20230428;090057;101090.000000000;2
SPFB.RTS;0;20230428;090057;101090.000000000;3
SPFB.RTS;0;20230428;090057;101090.000000000;5
SPFB.RTS;0;20230428;090057;101100.000000000;1
SPFB.RTS;0;20230428;090057;101100.000000000;2
SPFB.RTS;0;20230428;090057;101100.000000000;2
SPFB.RTS;0;20230428;090057;101100.000000000;5
SPFB.RTS;0;20230428;090057;101100.000000000;3
SPFB.RTS;0;20230428;090057;101100.000000000;5
SPFB.RTS;0;20230428;090057;101100.000000000;1
SPFB.RTS;0;20230428;090057;101100.000000000;2
SPFB.RTS;0;20230428;090057;101110.000000000;5
SPFB.RTS;0;20230428;090057;101110.000000000;3
SPFB.RTS;0;20230428;090057;101110.000000000;1
SPFB.RTS;0;20230428;090057;101110.000000000;2
SPFB.RTS;0;20230428;090057;101110.000000000;2
SPFB.RTS;0;20230428;090057;101110.000000000;2
SPFB.RTS;0;20230428;090057;101110.000000000;1
SPFB.RTS;0;20230428;090057;101120.000000000;1
SPFB.RTS;0;20230428;090057;101120.000000000;1
SPFB.RTS;0;20230428;090057;101120.000000000;5
SPFB.RTS;0;20230428;090057;101120.000000000;1
SPFB.RTS;0;20230428;090057;101120.000000000;1
SPFB.RTS;0;20230428;090057;101120.000000000;2
SPFB.RTS;0;20230428;090057;101120.000000000;3
SPFB.RTS;0;20230428;090057;101120.000000000;2
SPFB.RTS;0;20230428;090057;101120.000000000;1
SPFB.RTS;0;20230428;090057;101120.000000000;2
SPFB.RTS;0;20230428;090057;101120.000000000;1
SPFB.RTS;0;20230428;090057;101120.000000000;1
SPFB.RTS;0;20230428;090057;101120.000000000;1
SPFB.RTS;0;20230428;090057;101120.000000000;1
SPFB.RTS;0;20230428;090057;101120.000000000;2
SPFB.RTS;0;20230428;090057;101120.000000000;1
SPFB.RTS;0;20230428;090057;101120.000000000;1
SPFB.RTS;0;20230428;090057;101120.000000000;2
SPFB.RTS;0;20230428;090057;101130.000000000;10
SPFB.RTS;0;20230428;090057;101130.000000000;1
SPFB.RTS;0;20230428;090057;101130.000000000;1
SPFB.RTS;0;20230428;090057;101130.000000000;5
SPFB.RTS;0;20230428;090057;101130.000000000;1
SPFB.RTS;0;20230428;090057;101130.000000000;2
SPFB.RTS;0;20230428;090057;101130.000000000;3
SPFB.RTS;0;20230428;090057;101130.000000000;2
SPFB.RTS;0;20230428;090057;101130.000000000;126
SPFB.RTS;0;20230428;090057;101130.000000000;1
SPFB.RTS;0;20230428;090057;101130.000000000;7
SPFB.RTS;0;20230428;090057;101110.000000000;2
SPFB.RTS;0;20230428;090057;101110.000000000;1
SPFB.RTS;0;20230428;090057;101120.000000000;2
SPFB.RTS;0;20230428;090057;101120.000000000;2
SPFB.RTS;0;20230428;090057;101120.000000000;1
SPFB.RTS;0;20230428;090057;101120.000000000;1
SPFB.RTS;0;20230428;090057;101120.000000000;1
SPFB.RTS;0;20230428;090057;101120.000000000;3
SPFB.RTS;0;20230428;090057;101110.000000000;1
SPFB.RTS;0;20230428;090057;101110.000000000;1
SPFB.RTS;0;20230428;090057;101100.000000000;2
SPFB.RTS;0;20230428;090057;101090.000000000;1
SPFB.RTS;0;20230428;090058;101110.000000000;2
SPFB.RTS;0;20230428;090058;101110.000000000;1
SPFB.RTS;0;20230428;090058;101110.000000000;1
SPFB.RTS;0;20230428;090058;101120.000000000;6
SPFB.RTS;0;20230428;090058;101120.000000000;1
SPFB.RTS;0;20230428;090058;101120.000000000;1
SPFB.RTS;0;20230428;090058;101120.000000000;2
SPFB.RTS;0;20230428;090058;101120.000000000;1
SPFB.RTS;0;20230428;090058;101130.000000000;15
SPFB.RTS;0;20230428;090058;101120.000000000;1
SPFB.RTS;0;20230428;090058;101130.000000000;1
SPFB.RTS;0;20230428;090058;101090.000000000;2
SPFB.RTS;0;20230428;090058;101090.000000000;1
SPFB.RTS;0;20230428;090058;101080.000000000;2
SPFB.RTS;0;20230428;090058;101130.000000000;1
SPFB.RTS;0;20230428;090058;101120.000000000;1
SPFB.RTS;0;20230428;090058;101130.000000000;1
SPFB.RTS;0;20230428;090100;101110.000000000;1
SPFB.RTS;0;20230428;090100;101110.000000000;1
SPFB.RTS;0;20230428;090100;101080.000000000;1
SPFB.RTS;0;20230428;090100;101080.000000000;1
SPFB.RTS;0;20230428;090100;101080.000000000;1
SPFB.RTS;0;20230428;090100;101080.000000000;1
SPFB.RTS;0;20230428;090100;101070.000000000;3
SPFB.RTS;0;20230428;090100;101070.000000000;1
SPFB.RTS;0;20230428;090100;101070.000000000;1
SPFB.RTS;0;20230428;090100;101070.000000000;1
SPFB.RTS;0;20230428;090100;101070.000000000;1
SPFB.RTS;0;20230428;090100;101070.000000000;1
SPFB.RTS;0;20230428;090100;101070.000000000;2
SPFB.RTS;0;20230428;090100;101060.000000000;3
SPFB.RTS;0;20230428;090100;101060.000000000;2
SPFB.RTS;0;20230428;090100;101060.000000000;1
SPFB.RTS;0;20230428;090100;101060.000000000;1
SPFB.RTS;0;20230428;090100;101060.000000000;1
SPFB.RTS;0;20230428;090100;101060.000000000;1
SPFB.RTS;0;20230428;090100;101080.000000000;1
SPFB.RTS;0;20230428;090100;101070.000000000;1
SPFB.RTS;0;20230428;090100;101070.000000000;1
SPFB.RTS;0;20230428;090100;101060.000000000;1
SPFB.RTS;0;20230428;090100;101060.000000000;2
SPFB.RTS;0;20230428;090100;101060.000000000;3
SPFB.RTS;0;20230428;090100;101060.000000000;1
SPFB.RTS;0;20230428;090100;101060.000000000;1
SPFB.RTS;0;20230428;090100;101050.000000000;2
SPFB.RTS;0;20230428;090100;101050.000000000;2
SPFB.RTS;0;20230428;090100;101050.000000000;1
SPFB.RTS;0;20230428;090100;101050.000000000;1
SPFB.RTS;0;20230428;090100;101050.000000000;2
SPFB.RTS;0;20230428;090100;101050.000000000;1
SPFB.RTS;0;20230428;090100;101060.000000000;2
SPFB.RTS;0;20230428;090100;101050.000000000;2
SPFB.RTS;0;20230428;090100;101050.000000000;1
SPFB.RTS;0;20230428;090100;101050.000000000;2
SPFB.RTS;0;20230428;090100;101040.000000000;5
SPFB.RTS;0;20230428;090100;101040.000000000;1
SPFB.RTS;0;20230428;090100;101040.000000000;1
SPFB.RTS;0;20230428;090100;101040.000000000;1
SPFB.RTS;0;20230428;090100;101040.000000000;2
SPFB.RTS;0;20230428;090100;101040.000000000;1
SPFB.RTS;0;20230428;090100;101030.000000000;2
SPFB.RTS;0;20230428;090100;101030.000000000;1
SPFB.RTS;0;20230428;090100;101030.000000000;1
SPFB.RTS;0;20230428;090100;101040.000000000;2
SPFB.RTS;0;20230428;090100;101040.000000000;1
SPFB.RTS;0;20230428;090100;101030.000000000;1
SPFB.RTS;0;20230428;090100;101030.000000000;1
SPFB.RTS;0;20230428;090100;101030.000000000;1
SPFB.RTS;0;20230428;090100;101030.000000000;2
SPFB.RTS;0;20230428;090100;101030.000000000;1
SPFB.RTS;0;20230428;090100;101030.000000000;2
SPFB.RTS;0;20230428;090100;101020.000000000;1
SPFB.RTS;0;20230428;090100;101020.000000000;1
SPFB.RTS;0;20230428;090100;101020.000000000;1
SPFB.RTS;0;20230428;090100;101020.000000000;1
SPFB.RTS;0;20230428;090100;101020.000000000;1
SPFB.RTS;0;20230428;090100;101020.000000000;1
SPFB.RTS;0;20230428;090100;101020.000000000;2
SPFB.RTS;0;20230428;090100;101020.000000000;1
SPFB.RTS;0;20230428;090100;101010.000000000;1
SPFB.RTS;0;20230428;090100;101010.000000000;2
SPFB.RTS;0;20230428;090100;101010.000000000;1
SPFB.RTS;0;20230428;090100;101010.000000000;1
SPFB.RTS;0;20230428;090100;101010.000000000;1
SPFB.RTS;0;20230428;090100;101010.000000000;1
SPFB.RTS;0;20230428;090100;101010.000000000;2
SPFB.RTS;0;20230428;090100;101010.000000000;1
SPFB.RTS;0;20230428;090100;101010.000000000;1
SPFB.RTS;0;20230428;090100;101010.000000000;1
SPFB.RTS;0;20230428;090100;101010.000000000;2
SPFB.RTS;0;20230428;090100;101010.000000000;2
SPFB.RTS;0;20230428;090100;101000.000000000;1
SPFB.RTS;0;20230428;090100;101000.000000000;8
SPFB.RTS;0;20230428;090100;101000.000000000;1
SPFB.RTS;0;20230428;090100;101000.000000000;2
SPFB.RTS;0;20230428;090100;101000.000000000;1
SPFB.RTS;0;20230428;090100;101000.000000000;1
SPFB.RTS;0;20230428;090100;101020.000000000;2
SPFB.RTS;0;20230428;090100;101010.000000000;1
SPFB.RTS;0;20230428;090100;101010.000000000;2
SPFB.RTS;0;20230428;090100;101010.000000000;1
SPFB.RTS;0;20230428;090100;101000.000000000;1
SPFB.RTS;0;20230428;090100;101000.000000000;2
SPFB.RTS;0;20230428;090100;101000.000000000;1
SPFB.RTS;0;20230428;090100;101000.000000000;9
SPFB.RTS;0;20230428;090100;101000.000000000;2
SPFB.RTS;0;20230428;090100;101000.000000000;1
SPFB.RTS;0;20230428;090100;101000.000000000;2
SPFB.RTS;0;20230428;090100;100990.000000000;1
SPFB.RTS;0;20230428;090100;100990.000000000;5
SPFB.RTS;0;20230428;090100;100990.000000000;1
SPFB.RTS;0;20230428;090100;100990.000000000;1
SPFB.RTS;0;20230428;090100;100990.000000000;1
SPFB.RTS;0;20230428;090100;100990.000000000;2
SPFB.RTS;0;20230428;090100;100990.000000000;5
SPFB.RTS;0;20230428;090100;100990.000000000;1
SPFB.RTS;0;20230428;090100;100990.000000000;1
SPFB.RTS;0;20230428;090100;100990.000000000;1
SPFB.RTS;0;20230428;090100;100990.000000000;2
SPFB.RTS;0;20230428;090100;100990.000000000;1
SPFB.RTS;0;20230428;090100;100990.000000000;1
SPFB.RTS;0;20230428;090100;100980.000000000;13
SPFB.RTS;0;20230428;090100;101030.000000000;1
SPFB.RTS;0;20230428;090100;101030.000000000;1
SPFB.RTS;0;20230428;090100;101030.000000000;2
SPFB.RTS;0;20230428;090100;101000.000000000;2
SPFB.RTS;0;20230428;090100;100990.000000000;2
SPFB.RTS;0;20230428;090100;100990.000000000;1
SPFB.RTS;0;20230428;090100;100980.000000000;10
SPFB.RTS;0;20230428;090100;100980.000000000;1
SPFB.RTS;0;20230428;090100;100980.000000000;1
SPFB.RTS;0;20230428;090100;100980.000000000;1
SPFB.RTS;0;20230428;090100;100980.000000000;1
SPFB.RTS;0;20230428;090100;100980.000000000;2
SPFB.RTS;0;20230428;090100;100980.000000000;1
SPFB.RTS;0;20230428;090100;100980.000000000;1
SPFB.RTS;0;20230428;090100;100980.000000000;1
SPFB.RTS;0;20230428;090100;100980.000000000;2
SPFB.RTS;0;20230428;090100;100970.000000000;1
SPFB.RTS;0;20230428;090100;100970.000000000;1
SPFB.RTS;0;20230428;090100;100970.000000000;1
SPFB.RTS;0;20230428;090100;100970.000000000;1
SPFB.RTS;0;20230428;090100;100970.000000000;1
SPFB.RTS;0;20230428;090100;100970.000000000;2
SPFB.RTS;0;20230428;090100;100970.000000000;4
SPFB.RTS;0;20230428;090100;100980.000000000;1
SPFB.RTS;0;20230428;090100;100980.000000000;1
SPFB.RTS;0;20230428;090100;100970.000000000;1
SPFB.RTS;0;20230428;090100;100970.000000000;2
SPFB.RTS;0;20230428;090100;100970.000000000;1
SPFB.RTS;0;20230428;090100;100970.000000000;1
SPFB.RTS;0;20230428;090100;100970.000000000;1
SPFB.RTS;0;20230428;090100;100970.000000000;1
SPFB.RTS;0;20230428;090100;100970.000000000;1
SPFB.RTS;0;20230428;090100;100980.000000000;2
SPFB.RTS;0;20230428;090100;100970.000000000;1
SPFB.RTS;0;20230428;090101;100980.000000000;2
SPFB.RTS;0;20230428;090101;100970.000000000;1
SPFB.RTS;0;20230428;090101;100980.000000000;2
SPFB.RTS;0;20230428;090101;100970.000000000;2
SPFB.RTS;0;20230428;090101;100970.000000000;1
SPFB.RTS;0;20230428;090101;100970.000000000;2
SPFB.RTS;0;20230428;090101;100970.000000000;1
SPFB.RTS;0;20230428;090101;100960.000000000;8
SPFB.RTS;0;20230428;090101;100960.000000000;1
SPFB.RTS;0;20230428;090101;100960.000000000;1
SPFB.RTS;0;20230428;090101;100960.000000000;1
SPFB.RTS;0;20230428;090101;100960.000000000;1
SPFB.RTS;0;20230428;090101;100960.000000000;1
SPFB.RTS;0;20230428;090101;100960.000000000;1
SPFB.RTS;0;20230428;090101;100960.000000000;1
SPFB.RTS;0;20230428;090101;100960.000000000;2
SPFB.RTS;0;20230428;090101;100960.000000000;2
SPFB.RTS;0;20230428;090101;100960.000000000;2
SPFB.RTS;0;20230428;090101;100960.000000000;2
SPFB.RTS;0;20230428;090101;100960.000000000;1
SPFB.RTS;0;20230428;090101;100960.000000000;1
SPFB.RTS;0;20230428;090101;100960.000000000;1
SPFB.RTS;0;20230428;090101;100960.000000000;1
SPFB.RTS;0;20230428;090101;100960.000000000;1
SPFB.RTS;0;20230428;090101;100960.000000000;1
SPFB.RTS;0;20230428;090101;100960.000000000;1
SPFB.RTS;0;20230428;090101;100960.000000000;1
SPFB.RTS;0;20230428;090101;100960.000000000;1
SPFB.RTS;0;20230428;090101;100960.000000000;4
SPFB.RTS;0;20230428;090101;100960.000000000;1
SPFB.RTS;0;20230428;090101;100960.000000000;1
SPFB.RTS;0;20230428;090101;100960.000000000;1
SPFB.RTS;0;20230428;090101;100960.000000000;1
SPFB.RTS;0;20230428;090101;100960.000000000;2
SPFB.RTS;0;20230428;090101;100960.000000000;1
SPFB.RTS;0;20230428;090101;100950.000000000;1
SPFB.RTS;0;20230428;090101;100950.000000000;1
SPFB.RTS;0;20230428;090101;100950.000000000;2
SPFB.RTS;0;20230428;090101;100950.000000000;1
SPFB.RTS;0;20230428;090101;100950.000000000;1
SPFB.RTS;0;20230428;090101;100950.000000000;1
SPFB.RTS;0;20230428;090101;100950.000000000;1
SPFB.RTS;0;20230428;090101;100950.000000000;1
SPFB.RTS;0;20230428;090101;100950.000000000;1
SPFB.RTS;0;20230428;090101;100950.000000000;1
SPFB.RTS;0;20230428;090101;100950.000000000;1
SPFB.RTS;0;20230428;090101;100950.000000000;1
SPFB.RTS;0;20230428;090101;100950.000000000;1
SPFB.RTS;0;20230428;090101;100950.000000000;1
SPFB.RTS;0;20230428;090101;100950.000000000;5
SPFB.RTS;0;20230428;090101;100950.000000000;1
SPFB.RTS;0;20230428;090101;100950.000000000;1
SPFB.RTS;0;20230428;090101;100990.000000000;1
SPFB.RTS;0;20230428;090101;101000.000000000;1
SPFB.RTS;0;20230428;090101;101000.000000000;1
SPFB.RTS;0;20230428;090101;100970.000000000;1
SPFB.RTS;0;20230428;090101;100960.000000000;1
SPFB.RTS;0;20230428;090101;100950.000000000;1
SPFB.RTS;0;20230428;090101;100950.000000000;1
SPFB.RTS;0;20230428;090101;100940.000000000;1
SPFB.RTS;0;20230428;090101;100940.000000000;1
SPFB.RTS;0;20230428;090101;100990.000000000;1
SPFB.RTS;0;20230428;090101;100980.000000000;1
SPFB.RTS;0;20230428;090101;100990.000000000;1
SPFB.RTS;0;20230428;090101;101010.000000000;1
SPFB.RTS;0;20230428;090101;100980.000000000;1
SPFB.RTS;0;20230428;090101;101030.000000000;1
SPFB.RTS;0;20230428;090101;100990.000000000;1
SPFB.RTS;0;20230428;090101;100970.000000000;1
SPFB.RTS;0;20230428;090101;100950.000000000;1
SPFB.RTS;0;20230428;090101;100940.000000000;4
SPFB.RTS;0;20230428;090101;100940.000000000;1
SPFB.RTS;0;20230428;090101;100940.000000000;1
SPFB.RTS;0;20230428;090101;100940.000000000;1
SPFB.RTS;0;20230428;090101;100940.000000000;1
SPFB.RTS;0;20230428;090101;100940.000000000;1
SPFB.RTS;0;20230428;090101;100940.000000000;14
SPFB.RTS;0;20230428;090101;100940.000000000;1
SPFB.RTS;0;20230428;090101;100930.000000000;1
SPFB.RTS;0;20230428;090101;100930.000000000;2
SPFB.RTS;0;20230428;090101;100930.000000000;1
SPFB.RTS;0;20230428;090101;100930.000000000;2
SPFB.RTS;0;20230428;090101;100930.000000000;1
SPFB.RTS;0;20230428;090101;100930.000000000;1
SPFB.RTS;0;20230428;090101;100930.000000000;1
SPFB.RTS;0;20230428;090101;100930.000000000;2
SPFB.RTS;0;20230428;090101;100930.000000000;1
SPFB.RTS;0;20230428;090101;100930.000000000;1
SPFB.RTS;0;20230428;090101;100930.000000000;1
SPFB.RTS;0;20230428;090101;100930.000000000;1
SPFB.RTS;0;20230428;090101;100930.000000000;1
SPFB.RTS;0;20230428;090101;100920.000000000;4
SPFB.RTS;0;20230428;090101;100920.000000000;1
SPFB.RTS;0;20230428;090101;100920.000000000;1
SPFB.RTS;0;20230428;090101;100920.000000000;1
SPFB.RTS;0;20230428;090101;100920.000000000;1
SPFB.RTS;0;20230428;090101;100920.000000000;1
SPFB.RTS;0;20230428;090101;100920.000000000;1
SPFB.RTS;0;20230428;090101;100920.000000000;1
SPFB.RTS;0;20230428;090101;100920.000000000;1
SPFB.RTS;0;20230428;090101;100920.000000000;2
SPFB.RTS;0;20230428;090101;100920.000000000;1
SPFB.RTS;0;20230428;090101;100920.000000000;1
SPFB.RTS;0;20230428;090101;100920.000000000;1
SPFB.RTS;0;20230428;090101;100920.000000000;1
SPFB.RTS;0;20230428;090101;100920.000000000;1
SPFB.RTS;0;20230428;090101;100920.000000000;1
SPFB.RTS;0;20230428;090101;100920.000000000;1
SPFB.RTS;0;20230428;090101;100950.000000000;1
SPFB.RTS;0;20230428;090101;100950.000000000;2
SPFB.RTS;0;20230428;090101;100940.000000000;2
SPFB.RTS;0;20230428;090101;100930.000000000;1
SPFB.RTS;0;20230428;090101;100940.000000000;1
SPFB.RTS;0;20230428;090101;100940.000000000;1
SPFB.RTS;0;20230428;090101;100940.000000000;1
SPFB.RTS;0;20230428;090101;100940.000000000;1
SPFB.RTS;0;20230428;090101;100940.000000000;2
SPFB.RTS;0;20230428;090101;100940.000000000;1
SPFB.RTS;0;20230428;090101;100930.000000000;1
SPFB.RTS;0;20230428;090101;100930.000000000;2
SPFB.RTS;0;20230428;090101;100940.000000000;2
SPFB.RTS;0;20230428;090101;100930.000000000;1
SPFB.RTS;0;20230428;090101;100930.000000000;1
SPFB.RTS;0;20230428;090101;100930.000000000;1
SPFB.RTS;0;20230428;090101;100930.000000000;1
SPFB.RTS;0;20230428;090101;100930.000000000;2
SPFB.RTS;0;20230428;090101;100920.000000000;1
SPFB.RTS;0;20230428;090101;100920.000000000;1
SPFB.RTS;0;20230428;090101;100910.000000000;1
SPFB.RTS;0;20230428;090101;100940.000000000;3
SPFB.RTS;0;20230428;090101;100940.000000000;1
SPFB.RTS;0;20230428;090101;100940.000000000;1
SPFB.RTS;0;20230428;090101;100950.000000000;2
SPFB.RTS;0;20230428;090101;100910.000000000;1
SPFB.RTS;0;20230428;090101;100910.000000000;1
SPFB.RTS;0;20230428;090101;100930.000000000;1
SPFB.RTS;0;20230428;090101;100910.000000000;7
SPFB.RTS;0;20230428;090101;100940.000000000;1
SPFB.RTS;0;20230428;090101;100940.000000000;1
SPFB.RTS;0;20230428;090101;100950.000000000;5
SPFB.RTS;0;20230428;090101;100950.000000000;1
SPFB.RTS;0;20230428;090101;100950.000000000;1
SPFB.RTS;0;20230428;090101;100950.000000000;4
SPFB.RTS;0;20230428;090101;100960.000000000;1
SPFB.RTS;0;20230428;090101;100970.000000000;1
SPFB.RTS;0;20230428;090101;100970.000000000;3
SPFB.RTS;0;20230428;090101;100970.000000000;1
SPFB.RTS;0;20230428;090101;100980.000000000;1
SPFB.RTS;0;20230428;090101;100980.000000000;1
SPFB.RTS;0;20230428;090101;100980.000000000;1
SPFB.RTS;0;20230428;090101;100980.000000000;2
SPFB.RTS;0;20230428;090101;100990.000000000;1
SPFB.RTS;0;20230428;090101;100930.000000000;1
SPFB.RTS;0;20230428;090101;100980.000000000;1
SPFB.RTS;0;20230428;090101;100990.000000000;1
SPFB.RTS;0;20230428;090101;100980.000000000;1
SPFB.RTS;0;20230428;090102;100990.000000000;1
SPFB.RTS;0;20230428;090102;100990.000000000;1
SPFB.RTS;0;20230428;090102;100990.000000000;1
SPFB.RTS;0;20230428;090102;100990.000000000;1
SPFB.RTS;0;20230428;090102;100990.000000000;1
SPFB.RTS;0;20230428;090102;101000.000000000;1
SPFB.RTS;0;20230428;090102;101000.000000000;2
SPFB.RTS;0;20230428;090103;100980.000000000;1
SPFB.RTS;0;20230428;090103;100980.000000000;3
SPFB.RTS;0;20230428;090103;100990.000000000;1
SPFB.RTS;0;20230428;090105;100990.000000000;1
SPFB.RTS;0;20230428;090105;100990.000000000;1
SPFB.RTS;0;20230428;090107;100990.000000000;1
SPFB.RTS;0;20230428;090108;101000.000000000;3
SPFB.RTS;0;20230428;090108;101000.000000000;1
SPFB.RTS;0;20230428;090108;101000.000000000;1
SPFB.RTS;0;20230428;090108;101000.000000000;1
SPFB.RTS;0;20230428;090108;100990.000000000;2
SPFB.RTS;0;20230428;090108;100990.000000000;1
SPFB.RTS;0;20230428;090109;100990.000000000;1
SPFB.RTS;0;20230428;090111;100990.000000000;4
SPFB.RTS;0;20230428;090111;100990.000000000;1
SPFB.RTS;0;20230428;090111;100990.000000000;1
SPFB.RTS;0;20230428;090112;101000.000000000;1
SPFB.RTS;0;20230428;090114;101000.000000000;1
SPFB.RTS;0;20230428;090116;101000.000000000;1
SPFB.RTS;0;20230428;090118;101000.000000000;1
SPFB.RTS;0;20230428;090122;101000.000000000;2
SPFB.RTS;0;20230428;090122;101000.000000000;1
SPFB.RTS;0;20230428;090122;101000.000000000;1
SPFB.RTS;0;20230428;090122;100990.000000000;1
SPFB.RTS;0;20230428;090122;100990.000000000;1
SPFB.RTS;0;20230428;090122;100990.000000000;1
SPFB.RTS;0;20230428;090122;100980.000000000;1
SPFB.RTS;0;20230428;090122;100980.000000000;5
SPFB.RTS;0;20230428;090122;100980.000000000;1
SPFB.RTS;0;20230428;090122;100970.000000000;1
SPFB.RTS;0;20230428;090122;100970.000000000;1
SPFB.RTS;0;20230428;090122;100970.000000000;3
SPFB.RTS;0;20230428;090122;100970.000000000;1
SPFB.RTS;0;20230428;090122;100960.000000000;1
SPFB.RTS;0;20230428;090122;100960.000000000;1
SPFB.RTS;0;20230428;090122;100960.000000000;1
SPFB.RTS;0;20230428;090122;100960.000000000;1
SPFB.RTS;0;20230428;090122;100960.000000000;1
SPFB.RTS;0;20230428;090124;101000.000000000;2
SPFB.RTS;0;20230428;090126;101000.000000000;1
SPFB.RTS;0;20230428;090127;100970.000000000;1
SPFB.RTS;0;20230428;090127;100960.000000000;1
SPFB.RTS;0;20230428;090132;100990.000000000;2
SPFB.RTS;0;20230428;090132;100990.000000000;1
SPFB.RTS;0;20230428;090132;100970.000000000;2
SPFB.RTS;0;20230428;090132;100970.000000000;1
SPFB.RTS;0;20230428;090132;100960.000000000;1
SPFB.RTS;0;20230428;090132;100960.000000000;1
SPFB.RTS;0;20230428;090132;100960.000000000;1
SPFB.RTS;0;20230428;090132;100960.000000000;1
SPFB.RTS;0;20230428;090132;100950.000000000;1
SPFB.RTS;0;20230428;090132;100950.000000000;1
SPFB.RTS;0;20230428;090132;100990.000000000;1
SPFB.RTS;0;20230428;090133;101000.000000000;1
SPFB.RTS;0;20230428;090133;101000.000000000;1
SPFB.RTS;0;20230428;090133;101000.000000000;1
SPFB.RTS;0;20230428;090133;100990.000000000;2
SPFB.RTS;0;20230428;090133;100980.000000000;1
SPFB.RTS;0;20230428;090133;100960.000000000;1
SPFB.RTS;0;20230428;090133;100960.000000000;1
SPFB.RTS;0;20230428;090133;100960.000000000;1
SPFB.RTS;0;20230428;090133;100950.000000000;2
SPFB.RTS;0;20230428;090133;100950.000000000;1
SPFB.RTS;0;20230428;090133;100950.000000000;1
SPFB.RTS;0;20230428;090133;100950.000000000;1
SPFB.RTS;0;20230428;090133;100950.000000000;2
SPFB.RTS;0;20230428;090133;100950.000000000;1
SPFB.RTS;0;20230428;090133;100940.000000000;1
SPFB.RTS;0;20230428;090133;100940.000000000;1
SPFB.RTS;0;20230428;090133;100940.000000000;2
SPFB.RTS;0;20230428;090133;100940.000000000;2
SPFB.RTS;0;20230428;090133;100940.000000000;1
SPFB.RTS;0;20230428;090133;100940.000000000;2
SPFB.RTS;0;20230428;090133;100940.000000000;1
SPFB.RTS;0;20230428;090133;100930.000000000;1
SPFB.RTS;0;20230428;090133;100930.000000000;1
SPFB.RTS;0;20230428;090133;100930.000000000;1
SPFB.RTS;0;20230428;090133;100930.000000000;2
SPFB.RTS;0;20230428;090133;100930.000000000;1
SPFB.RTS;0;20230428;090133;100930.000000000;1
SPFB.RTS;0;20230428;090133;100930.000000000;2
SPFB.RTS;0;20230428;090133;100930.000000000;2
SPFB.RTS;0;20230428;090133;100920.000000000;1
SPFB.RTS;0;20230428;090133;100920.000000000;1
SPFB.RTS;0;20230428;090133;100920.000000000;1
SPFB.RTS;0;20230428;090133;100920.000000000;1
SPFB.RTS;0;20230428;090133;100920.000000000;1
SPFB.RTS;0;20230428;090133;100920.000000000;1
SPFB.RTS;0;20230428;090133;100920.000000000;1
SPFB.RTS;0;20230428;090133;100920.000000000;2
SPFB.RTS;0;20230428;090133;100910.000000000;3
SPFB.RTS;0;20230428;090133;100910.000000000;11
SPFB.RTS;0;20230428;090133;100910.000000000;1
SPFB.RTS;0;20230428;090133;100910.000000000;1
SPFB.RTS;0;20230428;090133;100910.000000000;8
SPFB.RTS;0;20230428;090133;100910.000000000;2
SPFB.RTS;0;20230428;090133;100910.000000000;1
SPFB.RTS;0;20230428;090133;100950.000000000;1
SPFB.RTS;0;20230428;090133;100930.000000000;1
SPFB.RTS;0;20230428;090133;100910.000000000;1
SPFB.RTS;0;20230428;090133;100910.000000000;1
SPFB.RTS;0;20230428;090133;100900.000000000;1
SPFB.RTS;0;20230428;090133;100900.000000000;1
SPFB.RTS;0;20230428;090133;100900.000000000;1
SPFB.RTS;0;20230428;090133;100900.000000000;1
SPFB.RTS;0;20230428;090133;100900.000000000;1
SPFB.RTS;0;20230428;090133;100900.000000000;1
SPFB.RTS;0;20230428;090133;100900.000000000;1
SPFB.RTS;0;20230428;090133;100990.000000000;1
SPFB.RTS;0;20230428;090133;100950.000000000;1
SPFB.RTS;0;20230428;090133;100920.000000000;1
SPFB.RTS;0;20230428;090133;100910.000000000;1
SPFB.RTS;0;20230428;090133;100900.000000000;3
SPFB.RTS;0;20230428;090133;100900.000000000;2
SPFB.RTS;0;20230428;090133;100900.000000000;1
SPFB.RTS;0;20230428;090133;100900.000000000;1
SPFB.RTS;0;20230428;090133;100900.000000000;2
SPFB.RTS;0;20230428;090133;100900.000000000;3
SPFB.RTS;0;20230428;090133;100900.000000000;6
SPFB.RTS;0;20230428;090133;100900.000000000;1
SPFB.RTS;0;20230428;090133;100900.000000000;1
SPFB.RTS;0;20230428;090133;100900.000000000;1
SPFB.RTS;0;20230428;090133;100970.000000000;1
SPFB.RTS;0;20230428;090133;100970.000000000;1
SPFB.RTS;0;20230428;090133;100970.000000000;1
SPFB.RTS;0;20230428;090133;100980.000000000;2
SPFB.RTS;0;20230428;090133;100980.000000000;1
SPFB.RTS;0;20230428;090133;100980.000000000;2
SPFB.RTS;0;20230428;090133;100980.000000000;1
SPFB.RTS;0;20230428;090133;100980.000000000;2
SPFB.RTS;0;20230428;090133;100980.000000000;1
SPFB.RTS;0;20230428;090133;100990.000000000;1
SPFB.RTS;0;20230428;090134;100990.000000000;1
SPFB.RTS;0;20230428;090134;100990.000000000;1
SPFB.RTS;0;20230428;090134;100980.000000000;2
SPFB.RTS;0;20230428;090134;100980.000000000;1
SPFB.RTS;0;20230428;090134;100990.000000000;1
SPFB.RTS;0;20230428;090134;100990.000000000;1
SPFB.RTS;0;20230428;090134;100990.000000000;1
SPFB.RTS;0;20230428;090134;101000.000000000;1
SPFB.RTS;0;20230428;090134;100990.000000000;1
SPFB.RTS;0;20230428;090136;101000.000000000;1
SPFB.RTS;0;20230428;090137;100990.000000000;1
SPFB.RTS;0;20230428;090137;100980.000000000;1
SPFB.RTS;0;20230428;090137;100980.000000000;2
SPFB.RTS;0;20230428;090137;100950.000000000;1
SPFB.RTS;0;20230428;090137;100930.000000000;1
SPFB.RTS;0;20230428;090137;100920.000000000;1
SPFB.RTS;0;20230428;090137;100920.000000000;2
SPFB.RTS;0;20230428;090137;100980.000000000;1
SPFB.RTS;0;20230428;090139;100980.000000000;1
SPFB.RTS;0;20230428;090140;100980.000000000;1
SPFB.RTS;0;20230428;090140;100980.000000000;1
SPFB.RTS;0;20230428;090140;100980.000000000;1
SPFB.RTS;0;20230428;090144;100980.000000000;1
SPFB.RTS;0;20230428;090144;100980.000000000;1
SPFB.RTS;0;20230428;090144;100980.000000000;1
SPFB.RTS;0;20230428;090144;100980.000000000;2
SPFB.RTS;0;20230428;090144;100980.000000000;1
SPFB.RTS;0;20230428;090144;100990.000000000;1
SPFB.RTS;0;20230428;090144;100990.000000000;1
SPFB.RTS;0;20230428;090148;100990.000000000;1
SPFB.RTS;0;20230428;090148;100990.000000000;2
SPFB.RTS;0;20230428;090150;100990.000000000;1
SPFB.RTS;0;20230428;090150;100990.000000000;1
SPFB.RTS;0;20230428;090150;100990.000000000;1
SPFB.RTS;0;20230428;090151;100980.000000000;1
SPFB.RTS;0;20230428;090151;100980.000000000;1
SPFB.RTS;0;20230428;090152;101000.000000000;2
SPFB.RTS;0;20230428;090152;101000.000000000;1
SPFB.RTS;0;20230428;090152;101000.000000000;1
SPFB.RTS;0;20230428;090152;101000.000000000;2
SPFB.RTS;0;20230428;090152;101000.000000000;1
SPFB.RTS;0;20230428;090152;101000.000000000;2
SPFB.RTS;0;20230428;090152;101000.000000000;1
SPFB.RTS;0;20230428;090152;101010.000000000;2
SPFB.RTS;0;20230428;090152;101010.000000000;2
SPFB.RTS;0;20230428;090152;101010.000000000;1
SPFB.RTS;0;20230428;090152;101010.000000000;1
SPFB.RTS;0;20230428;090152;101010.000000000;1
SPFB.RTS;0;20230428;090152;101010.000000000;1
SPFB.RTS;0;20230428;090152;101020.000000000;2
SPFB.RTS;0;20230428;090152;101020.000000000;2
SPFB.RTS;0;20230428;090152;101020.000000000;2
SPFB.RTS;0;20230428;090152;101020.000000000;1
SPFB.RTS;0;20230428;090152;101020.000000000;1
SPFB.RTS;0;20230428;090152;101020.000000000;3
SPFB.RTS;0;20230428;090152;101030.000000000;2
SPFB.RTS;0;20230428;090152;101030.000000000;1
SPFB.RTS;0;20230428;090152;101030.000000000;2
SPFB.RTS;0;20230428;090152;101030.000000000;3
SPFB.RTS;0;20230428;090152;101030.000000000;20
SPFB.RTS;0;20230428;090152;101030.000000000;1
SPFB.RTS;0;20230428;090152;101030.000000000;2
SPFB.RTS;0;20230428;090152;101040.000000000;2
SPFB.RTS;0;20230428;090152;101040.000000000;2
SPFB.RTS;0;20230428;090152;101040.000000000;3
SPFB.RTS;0;20230428;090152;101040.000000000;1
SPFB.RTS;0;20230428;090152;101050.000000000;2
SPFB.RTS;0;20230428;090152;101050.000000000;3
SPFB.RTS;0;20230428;090152;101050.000000000;2
SPFB.RTS;0;20230428;090152;101050.000000000;1
SPFB.RTS;0;20230428;090152;101050.000000000;5
SPFB.RTS;0;20230428;090152;101060.000000000;3
SPFB.RTS;0;20230428;090152;101060.000000000;2
SPFB.RTS;0;20230428;090152;101060.000000000;2
SPFB.RTS;0;20230428;090152;101060.000000000;1
SPFB.RTS;0;20230428;090152;101060.000000000;1
SPFB.RTS;0;20230428;090152;101060.000000000;1
SPFB.RTS;0;20230428;090152;101060.000000000;2
SPFB.RTS;0;20230428;090152;101070.000000000;3
SPFB.RTS;0;20230428;090155;101060.000000000;1
SPFB.RTS;0;20230428;090156;101060.000000000;1
SPFB.RTS;0;20230428;090158;101060.000000000;1
SPFB.RTS;0;20230428;090158;101070.000000000;1
SPFB.RTS;0;20230428;090200;101070.000000000;1
SPFB.RTS;0;20230428;090200;101070.000000000;2
SPFB.RTS;0;20230428;090200;101070.000000000;1
SPFB.RTS;0;20230428;090200;101070.000000000;1
SPFB.RTS;0;20230428;090200;101070.000000000;1
SPFB.RTS;0;20230428;090200;101070.000000000;1
SPFB.RTS;0;20230428;090200;101070.000000000;1
SPFB.RTS;0;20230428;090200;101070.000000000;1
SPFB.RTS;0;20230428;090200;101070.000000000;1
SPFB.RTS;0;20230428;090200;101070.000000000;1
SPFB.RTS;0;20230428;090200;101070.000000000;1
SPFB.RTS;0;20230428;090203;101080.000000000;1
SPFB.RTS;0;20230428;090204;101080.000000000;1
SPFB.RTS;0;20230428;090204;101080.000000000;1
SPFB.RTS;0;20230428;090204;101080.000000000;1
SPFB.RTS;0;20230428;090204;101080.000000000;1
SPFB.RTS;0;20230428;090207;101080.000000000;1
SPFB.RTS;0;20230428;090208;101090.000000000;1
SPFB.RTS;0;20230428;090210;101080.000000000;1
SPFB.RTS;0;20230428;090210;101080.000000000;2
SPFB.RTS;0;20230428;090211;101090.000000000;1
SPFB.RTS;0;20230428;090211;101090.000000000;1
SPFB.RTS;0;20230428;090212;101090.000000000;4
SPFB.RTS;0;20230428;090212;101090.000000000;1
SPFB.RTS;0;20230428;090215;101090.000000000;2
SPFB.RTS;0;20230428;090215;101090.000000000;1
SPFB.RTS;0;20230428;090215;101090.000000000;1
SPFB.RTS;0;20230428;090215;101100.000000000;1
SPFB.RTS;0;20230428;090215;101100.000000000;1
SPFB.RTS;0;20230428;090215;101100.000000000;1
SPFB.RTS;0;20230428;090215;101100.000000000;1
SPFB.RTS;0;20230428;090215;101100.000000000;2
SPFB.RTS;0;20230428;090215;101100.000000000;1
SPFB.RTS;0;20230428;090215;101100.000000000;1
SPFB.RTS;0;20230428;090215;101100.000000000;1
SPFB.RTS;0;20230428;090215;101100.000000000;1
SPFB.RTS;0;20230428;090215;101100.000000000;1
SPFB.RTS;0;20230428;090215;101100.000000000;2
SPFB.RTS;0;20230428;090215;101100.000000000;1
SPFB.RTS;0;20230428;090215;101110.000000000;3
SPFB.RTS;0;20230428;090215;101110.000000000;1
SPFB.RTS;0;20230428;090215;101110.000000000;1
SPFB.RTS;0;20230428;090215;101110.000000000;6
SPFB.RTS;0;20230428;090215;101110.000000000;1
SPFB.RTS;0;20230428;090215;101110.000000000;2
SPFB.RTS;0;20230428;090215;101110.000000000;1
SPFB.RTS;0;20230428;090215;101110.000000000;2
SPFB.RTS;0;20230428;090215;101110.000000000;1
SPFB.RTS;0;20230428;090215;101120.000000000;1
SPFB.RTS;0;20230428;090215;101120.000000000;1
SPFB.RTS;0;20230428;090215;101120.000000000;5
SPFB.RTS;0;20230428;090215;101120.000000000;2
SPFB.RTS;0;20230428;090215;101120.000000000;1
SPFB.RTS;0;20230428;090215;101120.000000000;3
SPFB.RTS;0;20230428;090215;101120.000000000;2
SPFB.RTS;0;20230428;090215;101120.000000000;1
SPFB.RTS;0;20230428;090215;101120.000000000;2
SPFB.RTS;0;20230428;090215;101120.000000000;1
SPFB.RTS;0;20230428;090215;101120.000000000;2
SPFB.RTS;0;20230428;090215;101120.000000000;9
SPFB.RTS;0;20230428;090215;101120.000000000;2
SPFB.RTS;0;20230428;090215;101130.000000000;48
SPFB.RTS;0;20230428;090216;101130.000000000;1
SPFB.RTS;0;20230428;090217;101130.000000000;5
SPFB.RTS;0;20230428;090218;101120.000000000;2
SPFB.RTS;0;20230428;090218;101120.000000000;2
SPFB.RTS;0;20230428;090218;101110.000000000;2
SPFB.RTS;0;20230428;090221;101110.000000000;1
SPFB.RTS;0;20230428;090221;101110.000000000;1
SPFB.RTS;0;20230428;090222;101090.000000000;3
SPFB.RTS;0;20230428;090222;101090.000000000;1
SPFB.RTS;0;20230428;090222;101090.000000000;1
SPFB.RTS;0;20230428;090223;101090.000000000;1
SPFB.RTS;0;20230428;090223;101080.000000000;1
SPFB.RTS;0;20230428;090223;101080.000000000;2
SPFB.RTS;0;20230428;090223;101080.000000000;1
SPFB.RTS;0;20230428;090223;101080.000000000;1
SPFB.RTS;0;20230428;090223;101080.000000000;1
SPFB.RTS;0;20230428;090223;101080.000000000;1
SPFB.RTS;0;20230428;090223;101080.000000000;2
SPFB.RTS;0;20230428;090223;101080.000000000;1
SPFB.RTS;0;20230428;090223;101070.000000000;1
SPFB.RTS;0;20230428;090223;101070.000000000;1
SPFB.RTS;0;20230428;090223;101070.000000000;3
SPFB.RTS;0;20230428;090223;101070.000000000;1
SPFB.RTS;0;20230428;090223;101070.000000000;1
SPFB.RTS;0;20230428;090223;101070.000000000;1
SPFB.RTS;0;20230428;090223;101070.000000000;2
SPFB.RTS;0;20230428;090223;101060.000000000;11
SPFB.RTS;0;20230428;090223;101070.000000000;3
SPFB.RTS;0;20230428;090223;101070.000000000;2
SPFB.RTS;0;20230428;090223;101070.000000000;1
SPFB.RTS;0;20230428;090223;101070.000000000;1
SPFB.RTS;0;20230428;090223;101070.000000000;1
SPFB.RTS;0;20230428;090223;101060.000000000;4
SPFB.RTS;0;20230428;090223;101060.000000000;1
SPFB.RTS;0;20230428;090223;101060.000000000;3
SPFB.RTS;0;20230428;090223;101060.000000000;2
SPFB.RTS;0;20230428;090223;101060.000000000;1
SPFB.RTS;0;20230428;090223;101060.000000000;2
SPFB.RTS;0;20230428;090223;101060.000000000;9
SPFB.RTS;0;20230428;090223;101050.000000000;1
SPFB.RTS;0;20230428;090223;101050.000000000;1
SPFB.RTS;0;20230428;090223;101050.000000000;3
SPFB.RTS;0;20230428;090223;101050.000000000;1
SPFB.RTS;0;20230428;090223;101070.000000000;1
SPFB.RTS;0;20230428;090223;101080.000000000;1
SPFB.RTS;0;20230428;090223;101080.000000000;2
SPFB.RTS;0;20230428;090224;101080.000000000;1
SPFB.RTS;0;20230428;090224;101080.000000000;1
SPFB.RTS;0;20230428;090224;101090.000000000;1
SPFB.RTS;0;20230428;090224;101090.000000000;2
SPFB.RTS;0;20230428;090224;101090.000000000;3
SPFB.RTS;0;20230428;090228;101090.000000000;1
SPFB.RTS;0;20230428;090238;101100.000000000;1
SPFB.RTS;0;20230428;090239;101100.000000000;1
SPFB.RTS;0;20230428;090239;101100.000000000;3
SPFB.RTS;0;20230428;090244;101100.000000000;2
SPFB.RTS;0;20230428;090244;101100.000000000;1
SPFB.RTS;0;20230428;090244;101110.000000000;3
SPFB.RTS;0;20230428;090244;101110.000000000;1
SPFB.RTS;0;20230428;090244;101120.000000000;1
SPFB.RTS;0;20230428;090244;101120.000000000;1
SPFB.RTS;0;20230428;090244;101120.000000000;1
SPFB.RTS;0;20230428;090244;101120.000000000;2
SPFB.RTS;0;20230428;090244;101120.000000000;1
SPFB.RTS;0;20230428;090244;101130.000000000;23
SPFB.RTS;0;20230428;090244;101130.000000000;1
SPFB.RTS;0;20230428;090244;101130.000000000;5
SPFB.RTS;0;20230428;090244;101130.000000000;1
SPFB.RTS;0;20230428;090244;101130.000000000;1
SPFB.RTS;0;20230428;090244;101130.000000000;3
SPFB.RTS;0;20230428;090244;101130.000000000;1
SPFB.RTS;0;20230428;090244;101130.000000000;1
SPFB.RTS;0;20230428;090244;101130.000000000;2
SPFB.RTS;0;20230428;090244;101130.000000000;1
SPFB.RTS;0;20230428;090244;101130.000000000;2
SPFB.RTS;0;20230428;090244;101140.000000000;2
SPFB.RTS;0;20230428;090244;101140.000000000;2
SPFB.RTS;0;20230428;090244;101140.000000000;1
SPFB.RTS;0;20230428;090244;101140.000000000;1
SPFB.RTS;0;20230428;090244;101140.000000000;1
SPFB.RTS;0;20230428;090244;101140.000000000;5
SPFB.RTS;0;20230428;090244;101140.000000000;7
SPFB.RTS;0;20230428;090244;101140.000000000;31
SPFB.RTS;0;20230428;090244;101130.000000000;2
SPFB.RTS;0;20230428;090244;101110.000000000;1
SPFB.RTS;0;20230428;090245;101130.000000000;1
SPFB.RTS;0;20230428;090245;101130.000000000;2
SPFB.RTS;0;20230428;090245;101140.000000000;4
SPFB.RTS;0;20230428;090245;101140.000000000;2
SPFB.RTS;0;20230428;090245;101140.000000000;1
SPFB.RTS;0;20230428;090247;101140.000000000;10
SPFB.RTS;0;20230428;090250;101140.000000000;6
SPFB.RTS;0;20230428;090251;101140.000000000;10
SPFB.RTS;0;20230428;090253;101140.000000000;1
SPFB.RTS;0;20230428;090253;101140.000000000;2
SPFB.RTS;0;20230428;090254;101140.000000000;5
SPFB.RTS;0;20230428;090254;101140.000000000;1
SPFB.RTS;0;20230428;090254;101140.000000000;1
SPFB.RTS;0;20230428;090254;101140.000000000;3
SPFB.RTS;0;20230428;090254;101140.000000000;2
SPFB.RTS;0;20230428;090254;101140.000000000;1
SPFB.RTS;0;20230428;090254;101140.000000000;1
SPFB.RTS;0;20230428;090254;101140.000000000;1
SPFB.RTS;0;20230428;090255;101150.000000000;1
SPFB.RTS;0;20230428;090255;101150.000000000;1
SPFB.RTS;0;20230428;090255;101150.000000000;1
SPFB.RTS;0;20230428;090255;101140.000000000;1
SPFB.RTS;0;20230428;090255;101150.000000000;1
SPFB.RTS;0;20230428;090255;101150.000000000;1
SPFB.RTS;0;20230428;090255;101150.000000000;1
SPFB.RTS;0;20230428;090255;101150.000000000;3
SPFB.RTS;0;20230428;090255;101150.000000000;1
SPFB.RTS;0;20230428;090255;101150.000000000;1
SPFB.RTS;0;20230428;090256;101150.000000000;2
SPFB.RTS;0;20230428;090256;101150.000000000;1
SPFB.RTS;0;20230428;090256;101150.000000000;1
SPFB.RTS;0;20230428;090256;101150.000000000;1
SPFB.RTS;0;20230428;090256;101150.000000000;1
SPFB.RTS;0;20230428;090256;101140.000000000;1
SPFB.RTS;0;20230428;090256;101140.000000000;2
SPFB.RTS;0;20230428;090256;101140.000000000;2
SPFB.RTS;0;20230428;090301;101150.000000000;1
SPFB.RTS;0;20230428;090302;101140.000000000;1
SPFB.RTS;0;20230428;090306;101150.000000000;1
SPFB.RTS;0;20230428;090306;101140.000000000;1
SPFB.RTS;0;20230428;090306;101140.000000000;3
SPFB.RTS;0;20230428;090306;101140.000000000;1
SPFB.RTS;0;20230428;090306;101130.000000000;1
SPFB.RTS;0;20230428;090307;101150.000000000;3
SPFB.RTS;0;20230428;090307;101150.000000000;7
SPFB.RTS;0;20230428;090307;101130.000000000;3
SPFB.RTS;0;20230428;090307;101130.000000000;1
SPFB.RTS;0;20230428;090307;101120.000000000;1
SPFB.RTS;0;20230428;090307;101120.000000000;1
SPFB.RTS;0;20230428;090307;101120.000000000;2
SPFB.RTS;0;20230428;090310;101120.000000000;1
SPFB.RTS;0;20230428;090310;101120.000000000;2
SPFB.RTS;0;20230428;090312;101140.000000000;1
SPFB.RTS;0;20230428;090312;101120.000000000;1
SPFB.RTS;0;20230428;090321;101140.000000000;8
SPFB.RTS;0;20230428;090321;101140.000000000;2
SPFB.RTS;0;20230428;090321;101140.000000000;1
SPFB.RTS;0;20230428;090321;101150.000000000;3
SPFB.RTS;0;20230428;090321;101150.000000000;1
SPFB.RTS;0;20230428;090321;101150.000000000;4
SPFB.RTS;0;20230428;090322;101150.000000000;6
SPFB.RTS;0;20230428;090322;101150.000000000;1
SPFB.RTS;0;20230428;090322;101150.000000000;1
SPFB.RTS;0;20230428;090322;101150.000000000;1
SPFB.RTS;0;20230428;090322;101150.000000000;1
SPFB.RTS;0;20230428;090322;101160.000000000;2
SPFB.RTS;0;20230428;090322;101160.000000000;1
SPFB.RTS;0;20230428;090322;101160.000000000;1
SPFB.RTS;0;20230428;090322;101160.000000000;2
SPFB.RTS;0;20230428;090322;101160.000000000;1
SPFB.RTS;0;20230428;090322;101160.000000000;1
SPFB.RTS;0;20230428;090322;101160.000000000;1
SPFB.RTS;0;20230428;090322;101160.000000000;1
SPFB.RTS;0;20230428;090322;101160.000000000;1
SPFB.RTS;0;20230428;090322;101160.000000000;1
SPFB.RTS;0;20230428;090322;101160.000000000;1
SPFB.RTS;0;20230428;090322;101160.000000000;1
SPFB.RTS;0;20230428;090322;101160.000000000;1
SPFB.RTS;0;20230428;090322;101160.000000000;1
SPFB.RTS;0;20230428;090323;101170.000000000;1
SPFB.RTS;0;20230428;090323;101170.000000000;2
SPFB.RTS;0;20230428;090323;101170.000000000;1
SPFB.RTS;0;20230428;090323;101170.000000000;7
SPFB.RTS;0;20230428;090324;101160.000000000;1
SPFB.RTS;0;20230428;090324;101160.000000000;1
SPFB.RTS;0;20230428;090325;101170.000000000;1
SPFB.RTS;0;20230428;090325;101170.000000000;1
SPFB.RTS;0;20230428;090325;101180.000000000;1
SPFB.RTS;0;20230428;090326;101180.000000000;5
SPFB.RTS;0;20230428;090326;101180.000000000;2
SPFB.RTS;0;20230428;090326;101180.000000000;1
SPFB.RTS;0;20230428;090326;101180.000000000;1
SPFB.RTS;0;20230428;090326;101180.000000000;8
SPFB.RTS;0;20230428;090326;101180.000000000;1
SPFB.RTS;0;20230428;090329;101170.000000000;2
SPFB.RTS;0;20230428;090329;101170.000000000;1
SPFB.RTS;0;20230428;090330;101170.000000000;1
SPFB.RTS;0;20230428;090331;101170.000000000;1
SPFB.RTS;0;20230428;090332;101170.000000000;1
SPFB.RTS;0;20230428;090332;101180.000000000;1
SPFB.RTS;0;20230428;090332;101180.000000000;1
SPFB.RTS;0;20230428;090332;101180.000000000;1
SPFB.RTS;0;20230428;090332;101180.000000000;1
SPFB.RTS;0;20230428;090332;101180.000000000;1
SPFB.RTS;0;20230428;090332;101180.000000000;1
SPFB.RTS;0;20230428;090333;101170.000000000;3
SPFB.RTS;0;20230428;090336;101180.000000000;3
SPFB.RTS;0;20230428;090337;101180.000000000;2
SPFB.RTS;0;20230428;090337;101180.000000000;3
SPFB.RTS;0;20230428;090337;101180.000000000;3
SPFB.RTS;0;20230428;090337;101190.000000000;1
SPFB.RTS;0;20230428;090337;101190.000000000;1
SPFB.RTS;0;20230428;090337;101190.000000000;10
SPFB.RTS;0;20230428;090337;101190.000000000;1
SPFB.RTS;0;20230428;090337;101190.000000000;3
SPFB.RTS;0;20230428;090337;101190.000000000;1
SPFB.RTS;0;20230428;090337;101190.000000000;11
SPFB.RTS;0;20230428;090337;101190.000000000;1
SPFB.RTS;0;20230428;090337;101190.000000000;1
SPFB.RTS;0;20230428;090337;101190.000000000;3
SPFB.RTS;0;20230428;090337;101190.000000000;1
SPFB.RTS;0;20230428;090337;101190.000000000;1
SPFB.RTS;0;20230428;090337;101190.000000000;1
SPFB.RTS;0;20230428;090337;101190.000000000;5
SPFB.RTS;0;20230428;090337;101190.000000000;1
SPFB.RTS;0;20230428;090337;101190.000000000;1
SPFB.RTS;0;20230428;090337;101190.000000000;1
SPFB.RTS;0;20230428;090337;101190.000000000;1
SPFB.RTS;0;20230428;090337;101200.000000000;1
SPFB.RTS;0;20230428;090337;101200.000000000;1
SPFB.RTS;0;20230428;090337;101200.000000000;1
SPFB.RTS;0;20230428;090337;101200.000000000;1
SPFB.RTS;0;20230428;090337;101200.000000000;1
SPFB.RTS;0;20230428;090337;101200.000000000;1
SPFB.RTS;0;20230428;090337;101200.000000000;1
SPFB.RTS;0;20230428;090337;101200.000000000;1
SPFB.RTS;0;20230428;090337;101200.000000000;4
SPFB.RTS;0;20230428;090337;101200.000000000;1
SPFB.RTS;0;20230428;090337;101200.000000000;3
SPFB.RTS;0;20230428;090337;101200.000000000;1
SPFB.RTS;0;20230428;090337;101200.000000000;3
SPFB.RTS;0;20230428;090337;101200.000000000;2
SPFB.RTS;0;20230428;090337;101200.000000000;1
SPFB.RTS;0;20230428;090337;101200.000000000;1
SPFB.RTS;0;20230428;090337;101200.000000000;1
SPFB.RTS;0;20230428;090337;101200.000000000;2
SPFB.RTS;0;20230428;090337;101210.000000000;1
SPFB.RTS;0;20230428;090337;101210.000000000;3
SPFB.RTS;0;20230428;090337;101210.000000000;2
SPFB.RTS;0;20230428;090337;101210.000000000;1
SPFB.RTS;0;20230428;090337;101210.000000000;3
SPFB.RTS;0;20230428;090337;101210.000000000;2
SPFB.RTS;0;20230428;090337;101210.000000000;1
SPFB.RTS;0;20230428;090337;101210.000000000;2
SPFB.RTS;0;20230428;090337;101210.000000000;1
SPFB.RTS;0;20230428;090337;101210.000000000;1
SPFB.RTS;0;20230428;090337;101210.000000000;1
SPFB.RTS;0;20230428;090337;101210.000000000;1
SPFB.RTS;0;20230428;090337;101210.000000000;1
SPFB.RTS;0;20230428;090337;101210.000000000;1
SPFB.RTS;0;20230428;090337;101210.000000000;1
SPFB.RTS;0;20230428;090337;101220.000000000;1
SPFB.RTS;0;20230428;090337;101220.000000000;1
SPFB.RTS;0;20230428;090337;101220.000000000;2
SPFB.RTS;0;20230428;090337;101220.000000000;1
SPFB.RTS;0;20230428;090337;101220.000000000;1
SPFB.RTS;0;20230428;090337;101220.000000000;3
SPFB.RTS;0;20230428;090337;101190.000000000;1
SPFB.RTS;0;20230428;090337;101190.000000000;2
SPFB.RTS;0;20230428;090337;101210.000000000;1
SPFB.RTS;0;20230428;090337;101210.000000000;1
SPFB.RTS;0;20230428;090337;101210.000000000;1
SPFB.RTS;0;20230428;090337;101210.000000000;1
SPFB.RTS;0;20230428;090337;101220.000000000;1
SPFB.RTS;0;20230428;090337;101210.000000000;1
SPFB.RTS;0;20230428;090337;101210.000000000;1
SPFB.RTS;0;20230428;090337;101190.000000000;1
SPFB.RTS;0;20230428;090337;101190.000000000;2
SPFB.RTS;0;20230428;090337;101210.000000000;1
SPFB.RTS;0;20230428;090337;101210.000000000;4
SPFB.RTS;0;20230428;090337;101220.000000000;1
SPFB.RTS;0;20230428;090337;101220.000000000;1
SPFB.RTS;0;20230428;090337;101220.000000000;3
SPFB.RTS;0;20230428;090337;101220.000000000;1
SPFB.RTS;0;20230428;090337;101220.000000000;1
SPFB.RTS;0;20230428;090337;101220.000000000;1
SPFB.RTS;0;20230428;090337;101220.000000000;1
SPFB.RTS;0;20230428;090337;101220.000000000;1
SPFB.RTS;0;20230428;090337;101230.000000000;1
SPFB.RTS;0;20230428;090337;101230.000000000;1
SPFB.RTS;0;20230428;090337;101230.000000000;1
SPFB.RTS;0;20230428;090337;101230.000000000;4
SPFB.RTS;0;20230428;090337;101220.000000000;2
SPFB.RTS;0;20230428;090338;101220.000000000;1
SPFB.RTS;0;20230428;090338;101230.000000000;1
SPFB.RTS;0;20230428;090338;101200.000000000;1
SPFB.RTS;0;20230428;090338;101210.000000000;1
SPFB.RTS;0;20230428;090338;101220.000000000;1
SPFB.RTS;0;20230428;090338;101210.000000000;2
SPFB.RTS;0;20230428;090341;101220.000000000;2
SPFB.RTS;0;20230428;090341;101220.000000000;1
SPFB.RTS;0;20230428;090341;101220.000000000;1
SPFB.RTS;0;20230428;090341;101220.000000000;2
SPFB.RTS;0;20230428;090341;101220.000000000;1
SPFB.RTS;0;20230428;090342;101220.000000000;1
SPFB.RTS;0;20230428;090342;101220.000000000;1
SPFB.RTS;0;20230428;090343;101210.000000000;3
SPFB.RTS;0;20230428;090344;101220.000000000;2
SPFB.RTS;0;20230428;090344;101210.000000000;4
SPFB.RTS;0;20230428;090344;101210.000000000;1
SPFB.RTS;0;20230428;090344;101210.000000000;1
SPFB.RTS;0;20230428;090344;101210.000000000;2
SPFB.RTS;0;20230428;090344;101210.000000000;1
SPFB.RTS;0;20230428;090344;101210.000000000;1
SPFB.RTS;0;20230428;090344;101210.000000000;1
SPFB.RTS;0;20230428;090344;101220.000000000;1
SPFB.RTS;0;20230428;090344;101220.000000000;3
SPFB.RTS;0;20230428;090344;101220.000000000;1
SPFB.RTS;0;20230428;090344;101220.000000000;1
SPFB.RTS;0;20230428;090345;101220.000000000;1
SPFB.RTS;0;20230428;090345;101230.000000000;1
SPFB.RTS;0;20230428;090345;101230.000000000;3
SPFB.RTS;0;20230428;090345;101230.000000000;1
SPFB.RTS;0;20230428;090345;101230.000000000;3
SPFB.RTS;0;20230428;090346;101230.000000000;1
SPFB.RTS;0;20230428;090346;101230.000000000;1
SPFB.RTS;0;20230428;090346;101230.000000000;1
SPFB.RTS;0;20230428;090346;101230.000000000;3
SPFB.RTS;0;20230428;090346;101230.000000000;1
SPFB.RTS;0;20230428;090346;101240.000000000;3
SPFB.RTS;0;20230428;090346;101240.000000000;2
SPFB.RTS;0;20230428;090346;101240.000000000;8
SPFB.RTS;0;20230428;090346;101240.000000000;1
SPFB.RTS;0;20230428;090346;101240.000000000;1
SPFB.RTS;0;20230428;090347;101240.000000000;5
SPFB.RTS;0;20230428;090347;101240.000000000;1
SPFB.RTS;0;20230428;090347;101240.000000000;2
SPFB.RTS;0;20230428;090347;101240.000000000;2
SPFB.RTS;0;20230428;090348;101240.000000000;1
SPFB.RTS;0;20230428;090348;101240.000000000;1
SPFB.RTS;0;20230428;090348;101240.000000000;1
SPFB.RTS;0;20230428;090350;101230.000000000;2
SPFB.RTS;0;20230428;090350;101230.000000000;1
SPFB.RTS;0;20230428;090350;101230.000000000;1
SPFB.RTS;0;20230428;090350;101230.000000000;1
SPFB.RTS;0;20230428;090351;101230.000000000;1
SPFB.RTS;0;20230428;090352;101230.000000000;1
SPFB.RTS;0;20230428;090352;101220.000000000;1
SPFB.RTS;0;20230428;090352;101220.000000000;1
SPFB.RTS;0;20230428;090354;101230.000000000;1
SPFB.RTS;0;20230428;090354;101240.000000000;1
SPFB.RTS;0;20230428;090354;101240.000000000;3
SPFB.RTS;0;20230428;090355;101230.000000000;1
SPFB.RTS;0;20230428;090357;101220.000000000;1
SPFB.RTS;0;20230428;090357;101220.000000000;1
SPFB.RTS;0;20230428;090357;101220.000000000;1
SPFB.RTS;0;20230428;090359;101230.000000000;1
SPFB.RTS;0;20230428;090401;101240.000000000;1
SPFB.RTS;0;20230428;090402;101230.000000000;1
SPFB.RTS;0;20230428;090402;101230.000000000;1
SPFB.RTS;0;20230428;090405;101230.000000000;2
SPFB.RTS;0;20230428;090405;101230.000000000;1
SPFB.RTS;0;20230428;090405;101220.000000000;3
SPFB.RTS;0;20230428;090405;101220.000000000;2
SPFB.RTS;0;20230428;090405;101220.000000000;1
SPFB.RTS;0;20230428;090405;101220.000000000;1
SPFB.RTS;0;20230428;090406;101220.000000000;1
SPFB.RTS;0;20230428;090409;101220.000000000;1
SPFB.RTS;0;20230428;090411;101220.000000000;1
SPFB.RTS;0;20230428;090411;101220.000000000;1
SPFB.RTS;0;20230428;090412;101220.000000000;1
SPFB.RTS;0;20230428;090412;101220.000000000;1
SPFB.RTS;0;20230428;090416;101210.000000000;3
SPFB.RTS;0;20230428;090416;101210.000000000;1
SPFB.RTS;0;20230428;090416;101210.000000000;1
SPFB.RTS;0;20230428;090416;101210.000000000;2
SPFB.RTS;0;20230428;090416;101210.000000000;1
SPFB.RTS;0;20230428;090416;101210.000000000;1
SPFB.RTS;0;20230428;090416;101210.000000000;1
SPFB.RTS;0;20230428;090418;101220.000000000;1
SPFB.RTS;0;20230428;090418;101210.000000000;2
SPFB.RTS;0;20230428;090418;101210.000000000;1
SPFB.RTS;0;20230428;090418;101210.000000000;1
SPFB.RTS;0;20230428;090418;101210.000000000;3
SPFB.RTS;0;20230428;090418;101210.000000000;2
SPFB.RTS;0;20230428;090418;101210.000000000;1
SPFB.RTS;0;20230428;090420;101220.000000000;1
SPFB.RTS;0;20230428;090420;101220.000000000;2
SPFB.RTS;0;20230428;090420;101210.000000000;2
SPFB.RTS;0;20230428;090420;101210.000000000;2
SPFB.RTS;0;20230428;090420;101210.000000000;1
SPFB.RTS;0;20230428;090422;101210.000000000;1
SPFB.RTS;0;20230428;090422;101200.000000000;2
SPFB.RTS;0;20230428;090423;101200.000000000;1
SPFB.RTS;0;20230428;090423;101200.000000000;1
SPFB.RTS;0;20230428;090423;101200.000000000;1
SPFB.RTS;0;20230428;090423;101200.000000000;1
SPFB.RTS;0;20230428;090423;101190.000000000;1
SPFB.RTS;0;20230428;090424;101190.000000000;1
SPFB.RTS;0;20230428;090424;101180.000000000;2
SPFB.RTS;0;20230428;090424;101180.000000000;1
SPFB.RTS;0;20230428;090424;101180.000000000;2
SPFB.RTS;0;20230428;090424;101180.000000000;2
SPFB.RTS;0;20230428;090424;101170.000000000;1
SPFB.RTS;0;20230428;090424;101180.000000000;2
SPFB.RTS;0;20230428;090424;101170.000000000;1
SPFB.RTS;0;20230428;090424;101170.000000000;2
SPFB.RTS;0;20230428;090424;101170.000000000;1
SPFB.RTS;0;20230428;090424;101180.000000000;1
SPFB.RTS;0;20230428;090424;101170.000000000;1
SPFB.RTS;0;20230428;090425;101170.000000000;1
SPFB.RTS;0;20230428;090425;101170.000000000;1
SPFB.RTS;0;20230428;090433;101170.000000000;1
SPFB.RTS;0;20230428;090435;101170.000000000;2
SPFB.RTS;0;20230428;090435;101170.000000000;1
SPFB.RTS;0;20230428;090437;101170.000000000;1
SPFB.RTS;0;20230428;090439;101160.000000000;6
SPFB.RTS;0;20230428;090439;101160.000000000;2
SPFB.RTS;0;20230428;090439;101160.000000000;1
SPFB.RTS;0;20230428;090439;101160.000000000;1
SPFB.RTS;0;20230428;090440;101160.000000000;1
SPFB.RTS;0;20230428;090441;101170.000000000;1
SPFB.RTS;0;20230428;090443;101170.000000000;1
SPFB.RTS;0;20230428;090445;101160.000000000;1
SPFB.RTS;0;20230428;090447;101170.000000000;1
SPFB.RTS;0;20230428;090449;101160.000000000;1
SPFB.RTS;0;20230428;090451;101160.000000000;2
SPFB.RTS;0;20230428;090453;101160.000000000;2
SPFB.RTS;0;20230428;090502;101160.000000000;1
SPFB.RTS;0;20230428;090503;101160.000000000;1
SPFB.RTS;0;20230428;090503;101170.000000000;2
SPFB.RTS;0;20230428;090503;101170.000000000;1
SPFB.RTS;0;20230428;090503;101170.000000000;1
SPFB.RTS;0;20230428;090503;101170.000000000;1
SPFB.RTS;0;20230428;090503;101170.000000000;1
SPFB.RTS;0;20230428;090503;101180.000000000;1
SPFB.RTS;0;20230428;090503;101180.000000000;1
SPFB.RTS;0;20230428;090503;101170.000000000;2
SPFB.RTS;0;20230428;090503;101170.000000000;1
SPFB.RTS;0;20230428;090505;101180.000000000;1
SPFB.RTS;0;20230428;090506;101180.000000000;1
SPFB.RTS;0;20230428;090508;101190.000000000;1
SPFB.RTS;0;20230428;090509;101190.000000000;1
SPFB.RTS;0;20230428;090509;101190.000000000;1
SPFB.RTS;0;20230428;090509;101190.000000000;2
SPFB.RTS;0;20230428;090509;101190.000000000;1
SPFB.RTS;0;20230428;090509;101200.000000000;4
SPFB.RTS;0;20230428;090509;101180.000000000;1
SPFB.RTS;0;20230428;090510;101190.000000000;1
SPFB.RTS;0;20230428;090515;101180.000000000;1
SPFB.RTS;0;20230428;090518;101180.000000000;1
SPFB.RTS;0;20230428;090518;101180.000000000;1
SPFB.RTS;0;20230428;090523;101180.000000000;1
SPFB.RTS;0;20230428;090525;101190.000000000;2
SPFB.RTS;0;20230428;090525;101200.000000000;1
SPFB.RTS;0;20230428;090531;101180.000000000;1
SPFB.RTS;0;20230428;090535;101180.000000000;1
SPFB.RTS;0;20230428;090535;101180.000000000;1
SPFB.RTS;0;20230428;090535;101180.000000000;1
SPFB.RTS;0;20230428;090535;101180.000000000;1
SPFB.RTS;0;20230428;090536;101180.000000000;1
SPFB.RTS;0;20230428;090537;101170.000000000;1
SPFB.RTS;0;20230428;090544;101180.000000000;1
SPFB.RTS;0;20230428;090546;101180.000000000;2
SPFB.RTS;0;20230428;090546;101170.000000000;3
SPFB.RTS;0;20230428;090546;101190.000000000;1
SPFB.RTS;0;20230428;090549;101190.000000000;1
SPFB.RTS;0;20230428;090557;101190.000000000;1
SPFB.RTS;0;20230428;090557;101190.000000000;1
SPFB.RTS;0;20230428;090557;101190.000000000;1
SPFB.RTS;0;20230428;090607;101170.000000000;2
SPFB.RTS;0;20230428;090610;101180.000000000;1
SPFB.RTS;0;20230428;090615;101180.000000000;1
SPFB.RTS;0;20230428;090615;101180.000000000;2
SPFB.RTS;0;20230428;090615;101180.000000000;1
SPFB.RTS;0;20230428;090618;101180.000000000;1
SPFB.RTS;0;20230428;090618;101180.000000000;2
SPFB.RTS;0;20230428;090618;101180.000000000;3
SPFB.RTS;0;20230428;090618;101180.000000000;1
SPFB.RTS;0;20230428;090618;101180.000000000;3
SPFB.RTS;0;20230428;090618;101180.000000000;1
SPFB.RTS;0;20230428;090618;101180.000000000;3
SPFB.RTS;0;20230428;090620;101170.000000000;1
SPFB.RTS;0;20230428;090621;101170.000000000;1
SPFB.RTS;0;20230428;090625;101170.000000000;6
SPFB.RTS;0;20230428;090628;101170.000000000;1
SPFB.RTS;0;20230428;090629;101170.000000000;3
SPFB.RTS;0;20230428;090632;101180.000000000;4
SPFB.RTS;0;20230428;090635;101170.000000000;1
SPFB.RTS;0;20230428;090635;101170.000000000;3
SPFB.RTS;0;20230428;090636;101170.000000000;1
SPFB.RTS;0;20230428;090636;101170.000000000;1
SPFB.RTS;0;20230428;090636;101170.000000000;1
SPFB.RTS;0;20230428;090639;101170.000000000;4
SPFB.RTS;0;20230428;090639;101170.000000000;2
SPFB.RTS;0;20230428;090639;101170.000000000;2
SPFB.RTS;0;20230428;090641;101170.000000000;4
SPFB.RTS;0;20230428;090642;101180.000000000;1
SPFB.RTS;0;20230428;090644;101170.000000000;4
SPFB.RTS;0;20230428;090647;101170.000000000;1
SPFB.RTS;0;20230428;090659;101180.000000000;2
SPFB.RTS;0;20230428;090706;101180.000000000;1
SPFB.RTS;0;20230428;090706;101180.000000000;2
SPFB.RTS;0;20230428;090707;101170.000000000;5
SPFB.RTS;0;20230428;090709;101170.000000000;1
SPFB.RTS;0;20230428;090709;101170.000000000;3
SPFB.RTS;0;20230428;090709;101170.000000000;1
SPFB.RTS;0;20230428;090710;101180.000000000;4
SPFB.RTS;0;20230428;090710;101170.000000000;1
SPFB.RTS;0;20230428;090710;101170.000000000;2
SPFB.RTS;0;20230428;090711;101180.000000000;1
SPFB.RTS;0;20230428;090714;101180.000000000;1
SPFB.RTS;0;20230428;090715;101170.000000000;2
SPFB.RTS;0;20230428;090715;101170.000000000;1
SPFB.RTS;0;20230428;090718;101170.000000000;1
SPFB.RTS;0;20230428;090718;101170.000000000;1
SPFB.RTS;0;20230428;090720;101170.000000000;1
SPFB.RTS;0;20230428;090720;101180.000000000;3
SPFB.RTS;0;20230428;090720;101180.000000000;2
SPFB.RTS;0;20230428;090722;101170.000000000;1
SPFB.RTS;0;20230428;090723;101180.000000000;1
SPFB.RTS;0;20230428;090728;101170.000000000;1
SPFB.RTS;0;20230428;090728;101180.000000000;1
SPFB.RTS;0;20230428;090735;101180.000000000;6
SPFB.RTS;0;20230428;090735;101180.000000000;2
SPFB.RTS;0;20230428;090735;101180.000000000;1
SPFB.RTS;0;20230428;090735;101180.000000000;2
SPFB.RTS;0;20230428;090735;101190.000000000;9
SPFB.RTS;0;20230428;090737;101190.000000000;1
SPFB.RTS;0;20230428;090739;101190.000000000;1
SPFB.RTS;0;20230428;090740;101180.000000000;1
SPFB.RTS;0;20230428;090745;101190.000000000;3
SPFB.RTS;0;20230428;090751;101190.000000000;1
SPFB.RTS;0;20230428;090752;101190.000000000;1
SPFB.RTS;0;20230428;090755;101190.000000000;1
SPFB.RTS;0;20230428;090755;101190.000000000;2
SPFB.RTS;0;20230428;090755;101200.000000000;1
SPFB.RTS;0;20230428;090801;101200.000000000;1
SPFB.RTS;0;20230428;090801;101200.000000000;1
SPFB.RTS;0;20230428;090801;101200.000000000;4
SPFB.RTS;0;20230428;090802;101200.000000000;1
SPFB.RTS;0;20230428;090802;101190.000000000;2
SPFB.RTS;0;20230428;090802;101190.000000000;1
SPFB.RTS;0;20230428;090813;101200.000000000;5
SPFB.RTS;0;20230428;090814;101190.000000000;1
SPFB.RTS;0;20230428;090815;101200.000000000;4
SPFB.RTS;0;20230428;090816;101200.000000000;12
SPFB.RTS;0;20230428;090816;101200.000000000;12
SPFB.RTS;0;20230428;090816;101200.000000000;12
SPFB.RTS;0;20230428;090823;101200.000000000;2
SPFB.RTS;0;20230428;090827;101200.000000000;2
SPFB.RTS;0;20230428;090828;101200.000000000;2
SPFB.RTS;0;20230428;090828;101200.000000000;12
SPFB.RTS;0;20230428;090828;101200.000000000;12
SPFB.RTS;0;20230428;090828;101200.000000000;10
SPFB.RTS;0;20230428;090828;101200.000000000;10
SPFB.RTS;0;20230428;090828;101200.000000000;1
SPFB.RTS;0;20230428;090828;101200.000000000;1
SPFB.RTS;0;20230428;090828;101200.000000000;1
SPFB.RTS;0;20230428;090828;101200.000000000;3
SPFB.RTS;0;20230428;090828;101200.000000000;1
SPFB.RTS;0;20230428;090828;101200.000000000;3
SPFB.RTS;0;20230428;090828;101200.000000000;2
SPFB.RTS;0;20230428;090828;101200.000000000;1
SPFB.RTS;0;20230428;090829;101210.000000000;1
SPFB.RTS;0;20230428;090829;101210.000000000;1
SPFB.RTS;0;20230428;090829;101210.000000000;1
SPFB.RTS;0;20230428;090829;101210.000000000;1
SPFB.RTS;0;20230428;090829;101210.000000000;1
SPFB.RTS;0;20230428;090829;101210.000000000;1
SPFB.RTS;0;20230428;090829;101220.000000000;1
SPFB.RTS;0;20230428;090829;101220.000000000;1
SPFB.RTS;0;20230428;090829;101220.000000000;1
SPFB.RTS;0;20230428;090829;101220.000000000;1
SPFB.RTS;0;20230428;090829;101220.000000000;1
SPFB.RTS;0;20230428;090829;101220.000000000;1
SPFB.RTS;0;20230428;090831;101230.000000000;1
SPFB.RTS;0;20230428;090831;101230.000000000;1
SPFB.RTS;0;20230428;090834;101220.000000000;1
SPFB.RTS;0;20230428;090834;101220.000000000;1
SPFB.RTS;0;20230428;090836;101220.000000000;2
SPFB.RTS;0;20230428;090836;101210.000000000;1
SPFB.RTS;0;20230428;090836;101210.000000000;1
SPFB.RTS;0;20230428;090836;101200.000000000;1
SPFB.RTS;0;20230428;090836;101200.000000000;1
SPFB.RTS;0;20230428;090836;101190.000000000;2
SPFB.RTS;0;20230428;090836;101190.000000000;1
SPFB.RTS;0;20230428;090836;101190.000000000;1
SPFB.RTS;0;20230428;090846;101200.000000000;1
SPFB.RTS;0;20230428;090846;101190.000000000;1
SPFB.RTS;0;20230428;090848;101220.000000000;1
SPFB.RTS;0;20230428;090848;101220.000000000;1
SPFB.RTS;0;20230428;090848;101220.000000000;5
SPFB.RTS;0;20230428;090848;101220.000000000;1
SPFB.RTS;0;20230428;090848;101220.000000000;2
SPFB.RTS;0;20230428;090849;101190.000000000;1
SPFB.RTS;0;20230428;090850;101200.000000000;2
SPFB.RTS;0;20230428;090850;101190.000000000;1
SPFB.RTS;0;20230428;090850;101190.000000000;3
SPFB.RTS;0;20230428;090850;101190.000000000;1
SPFB.RTS;0;20230428;090850;101190.000000000;2
SPFB.RTS;0;20230428;090850;101190.000000000;1
SPFB.RTS;0;20230428;090850;101220.000000000;10
SPFB.RTS;0;20230428;090854;101200.000000000;1
SPFB.RTS;0;20230428;090854;101200.000000000;1
SPFB.RTS;0;20230428;090854;101210.000000000;1
SPFB.RTS;0;20230428;090854;101210.000000000;8
SPFB.RTS;0;20230428;090857;101200.000000000;5
SPFB.RTS;0;20230428;090857;101180.000000000;1
SPFB.RTS;0;20230428;090857;101180.000000000;3
SPFB.RTS;0;20230428;090857;101180.000000000;1
SPFB.RTS;0;20230428;090859;101180.000000000;1
SPFB.RTS;0;20230428;090900;101190.000000000;1
SPFB.RTS;0;20230428;090900;101200.000000000;1
SPFB.RTS;0;20230428;090900;101210.000000000;4
SPFB.RTS;0;20230428;090900;101210.000000000;2
SPFB.RTS;0;20230428;090900;101210.000000000;2
SPFB.RTS;0;20230428;090904;101200.000000000;2
SPFB.RTS;0;20230428;090904;101190.000000000;3
SPFB.RTS;0;20230428;090904;101180.000000000;5
SPFB.RTS;0;20230428;090905;101200.000000000;1
SPFB.RTS;0;20230428;090907;101180.000000000;2
SPFB.RTS;0;20230428;090909;101190.000000000;1
SPFB.RTS;0;20230428;090911;101200.000000000;1
SPFB.RTS;0;20230428;090911;101210.000000000;1
SPFB.RTS;0;20230428;090911;101210.000000000;1
SPFB.RTS;0;20230428;090911;101210.000000000;1
SPFB.RTS;0;20230428;090911;101210.000000000;1
SPFB.RTS;0;20230428;090911;101210.000000000;1
SPFB.RTS;0;20230428;090911;101210.000000000;1
SPFB.RTS;0;20230428;090911;101220.000000000;3
SPFB.RTS;0;20230428;090914;101190.000000000;2
SPFB.RTS;0;20230428;090914;101180.000000000;1
SPFB.RTS;0;20230428;090914;101180.000000000;1
SPFB.RTS;0;20230428;090914;101180.000000000;3
SPFB.RTS;0;20230428;090914;101180.000000000;1
SPFB.RTS;0;20230428;090914;101180.000000000;2
SPFB.RTS;0;20230428;090916;101210.000000000;1
SPFB.RTS;0;20230428;090916;101210.000000000;1
SPFB.RTS;0;20230428;090916;101210.000000000;1
SPFB.RTS;0;20230428;090916;101210.000000000;1
SPFB.RTS;0;20230428;090916;101220.000000000;1
SPFB.RTS;0;20230428;090920;101210.000000000;1
SPFB.RTS;0;20230428;090922;101200.000000000;2
SPFB.RTS;0;20230428;090922;101190.000000000;1
SPFB.RTS;0;20230428;090928;101200.000000000;2
SPFB.RTS;0;20230428;090929;101200.000000000;12
SPFB.RTS;0;20230428;090929;101200.000000000;2
SPFB.RTS;0;20230428;090943;101200.000000000;1
SPFB.RTS;0;20230428;090946;101210.000000000;1
SPFB.RTS;0;20230428;090950;101210.000000000;1
SPFB.RTS;0;20230428;090950;101210.000000000;1
SPFB.RTS;0;20230428;090955;101220.000000000;3
SPFB.RTS;0;20230428;090956;101220.000000000;1
SPFB.RTS;0;20230428;091014;101220.000000000;1
SPFB.RTS;0;20230428;091014;101220.000000000;5
SPFB.RTS;0;20230428;091014;101220.000000000;1
SPFB.RTS;0;20230428;091014;101220.000000000;1
SPFB.RTS;0;20230428;091015;101220.000000000;5
SPFB.RTS;0;20230428;091015;101220.000000000;2
SPFB.RTS;0;20230428;091015;101220.000000000;1
SPFB.RTS;0;20230428;091015;101220.000000000;1
SPFB.RTS;0;20230428;091015;101220.000000000;1
SPFB.RTS;0;20230428;091015;101220.000000000;1
SPFB.RTS;0;20230428;091015;101220.000000000;1
SPFB.RTS;0;20230428;091015;101220.000000000;1
SPFB.RTS;0;20230428;091015;101220.000000000;5
SPFB.RTS;0;20230428;091016;101220.000000000;2
SPFB.RTS;0;20230428;091016;101220.000000000;1
SPFB.RTS;0;20230428;091029;101210.000000000;2
SPFB.RTS;0;20230428;091029;101210.000000000;1
SPFB.RTS;0;20230428;091029;101210.000000000;1
SPFB.RTS;0;20230428;091029;101210.000000000;1
SPFB.RTS;0;20230428;091029;101200.000000000;1
SPFB.RTS;0;20230428;091029;101200.000000000;3
SPFB.RTS;0;20230428;091029;101200.000000000;1
SPFB.RTS;0;20230428;091029;101200.000000000;1
SPFB.RTS;0;20230428;091030;101200.000000000;2
SPFB.RTS;0;20230428;091035;101200.000000000;1
SPFB.RTS;0;20230428;091035;101200.000000000;1
SPFB.RTS;0;20230428;091035;101190.000000000;2
SPFB.RTS;0;20230428;091035;101190.000000000;1
SPFB.RTS;0;20230428;091035;101190.000000000;2
SPFB.RTS;0;20230428;091036;101190.000000000;1
SPFB.RTS;0;20230428;091038;101190.000000000;5
SPFB.RTS;0;20230428;091039;101200.000000000;1
SPFB.RTS;0;20230428;091046;101200.000000000;2
SPFB.RTS;0;20230428;091046;101200.000000000;1
SPFB.RTS;0;20230428;091046;101200.000000000;1
SPFB.RTS;0;20230428;091047;101190.000000000;1
SPFB.RTS;0;20230428;091059;101190.000000000;2
SPFB.RTS;0;20230428;091059;101190.000000000;1
SPFB.RTS;0;20230428;091106;101190.000000000;1
SPFB.RTS;0;20230428;091109;101190.000000000;1
SPFB.RTS;0;20230428;091109;101190.000000000;1
SPFB.RTS;0;20230428;091115;101180.000000000;1
SPFB.RTS;0;20230428;091115;101180.000000000;1
SPFB.RTS;0;20230428;091115;101180.000000000;1
SPFB.RTS;0;20230428;091116;101170.000000000;1
SPFB.RTS;0;20230428;091116;101170.000000000;1
SPFB.RTS;0;20230428;091116;101170.000000000;1
SPFB.RTS;0;20230428;091116;101170.000000000;1
SPFB.RTS;0;20230428;091116;101170.000000000;2
SPFB.RTS;0;20230428;091116;101180.000000000;1
SPFB.RTS;0;20230428;091117;101180.000000000;1
SPFB.RTS;0;20230428;091117;101180.000000000;1
SPFB.RTS;0;20230428;091117;101170.000000000;1
SPFB.RTS;0;20230428;091117;101170.000000000;1
SPFB.RTS;0;20230428;091117;101170.000000000;1
SPFB.RTS;0;20230428;091118;101170.000000000;1
SPFB.RTS;0;20230428;091118;101170.000000000;1
SPFB.RTS;0;20230428;091118;101180.000000000;1
SPFB.RTS;0;20230428;091118;101170.000000000;1
SPFB.RTS;0;20230428;091118;101170.000000000;1
SPFB.RTS;0;20230428;091118;101170.000000000;1
SPFB.RTS;0;20230428;091119;101170.000000000;1
SPFB.RTS;0;20230428;091119;101170.000000000;1
SPFB.RTS;0;20230428;091119;101170.000000000;1
SPFB.RTS;0;20230428;091119;101170.000000000;1
SPFB.RTS;0;20230428;091119;101170.000000000;1
SPFB.RTS;0;20230428;091120;101170.000000000;1
SPFB.RTS;0;20230428;091120;101180.000000000;1
SPFB.RTS;0;20230428;091120;101170.000000000;7
SPFB.RTS;0;20230428;091120;101170.000000000;1
SPFB.RTS;0;20230428;091120;101170.000000000;1
SPFB.RTS;0;20230428;091120;101170.000000000;1
SPFB.RTS;0;20230428;091120;101170.000000000;1
SPFB.RTS;0;20230428;091120;101180.000000000;1
SPFB.RTS;0;20230428;091139;101180.000000000;1
SPFB.RTS;0;20230428;091146;101180.000000000;1
SPFB.RTS;0;20230428;091146;101190.000000000;1
SPFB.RTS;0;20230428;091146;101190.000000000;1
SPFB.RTS;0;20230428;091201;101180.000000000;1
SPFB.RTS;0;20230428;091204;101180.000000000;1
SPFB.RTS;0;20230428;091207;101190.000000000;1
SPFB.RTS;0;20230428;091207;101190.000000000;5
SPFB.RTS;0;20230428;091207;101190.000000000;1
SPFB.RTS;0;20230428;091207;101190.000000000;2
SPFB.RTS;0;20230428;091207;101190.000000000;1
SPFB.RTS;0;20230428;091207;101200.000000000;4
SPFB.RTS;0;20230428;091217;101200.000000000;4
SPFB.RTS;0;20230428;091218;101200.000000000;1
SPFB.RTS;0;20230428;091246;101200.000000000;2
SPFB.RTS;0;20230428;091247;101200.000000000;3
SPFB.RTS;0;20230428;091252;101190.000000000;2
SPFB.RTS;0;20230428;091255;101200.000000000;3
SPFB.RTS;0;20230428;091255;101200.000000000;3
SPFB.RTS;0;20230428;091255;101200.000000000;1
SPFB.RTS;0;20230428;091311;101200.000000000;3
SPFB.RTS;0;20230428;091311;101200.000000000;1
SPFB.RTS;0;20230428;091312;101200.000000000;3
SPFB.RTS;0;20230428;091312;101200.000000000;2
SPFB.RTS;0;20230428;091318;101200.000000000;1
SPFB.RTS;0;20230428;091325;101200.000000000;1
SPFB.RTS;0;20230428;091347;101210.000000000;1
SPFB.RTS;0;20230428;091347;101220.000000000;2
SPFB.RTS;0;20230428;091347;101210.000000000;1
SPFB.RTS;0;20230428;091347;101210.000000000;1
SPFB.RTS;0;20230428;091347;101220.000000000;1
SPFB.RTS;0;20230428;091351;101210.000000000;1
SPFB.RTS;0;20230428;091352;101220.000000000;1
SPFB.RTS;0;20230428;091353;101220.000000000;1
SPFB.RTS;0;20230428;091353;101220.000000000;2
SPFB.RTS;0;20230428;091353;101230.000000000;2
SPFB.RTS;0;20230428;091353;101220.000000000;1
SPFB.RTS;0;20230428;091407;101230.000000000;1
SPFB.RTS;0;20230428;091407;101230.000000000;1
SPFB.RTS;0;20230428;091416;101220.000000000;1
SPFB.RTS;0;20230428;091416;101220.000000000;1
SPFB.RTS;0;20230428;091416;101220.000000000;2
SPFB.RTS;0;20230428;091416;101220.000000000;1
SPFB.RTS;0;20230428;091416;101230.000000000;1
SPFB.RTS;0;20230428;091416;101230.000000000;5
SPFB.RTS;0;20230428;091416;101230.000000000;1
SPFB.RTS;0;20230428;091416;101230.000000000;3
SPFB.RTS;0;20230428;091416;101230.000000000;1
SPFB.RTS;0;20230428;091416;101230.000000000;2
SPFB.RTS;0;20230428;091416;101240.000000000;1
SPFB.RTS;0;20230428;091416;101240.000000000;1
SPFB.RTS;0;20230428;091416;101240.000000000;1
SPFB.RTS;0;20230428;091416;101240.000000000;1
SPFB.RTS;0;20230428;091416;101240.000000000;1
SPFB.RTS;0;20230428;091416;101240.000000000;1
SPFB.RTS;0;20230428;091416;101240.000000000;1
SPFB.RTS;0;20230428;091416;101240.000000000;1
SPFB.RTS;0;20230428;091416;101240.000000000;1
SPFB.RTS;0;20230428;091416;101240.000000000;44
SPFB.RTS;0;20230428;091416;101240.000000000;34
SPFB.RTS;0;20230428;091417;101240.000000000;5
SPFB.RTS;0;20230428;091417;101240.000000000;13
SPFB.RTS;0;20230428;091417;101230.000000000;1
SPFB.RTS;0;20230428;091417;101230.000000000;1
SPFB.RTS;0;20230428;091417;101230.000000000;1
SPFB.RTS;0;20230428;091417;101230.000000000;1
SPFB.RTS;0;20230428;091417;101230.000000000;1
SPFB.RTS;0;20230428;091417;101240.000000000;2
SPFB.RTS;0;20230428;091417;101240.000000000;2
SPFB.RTS;0;20230428;091417;101240.000000000;1
SPFB.RTS;0;20230428;091417;101250.000000000;1
SPFB.RTS;0;20230428;091417;101250.000000000;3
SPFB.RTS;0;20230428;091417;101240.000000000;1
SPFB.RTS;0;20230428;091417;101240.000000000;1
SPFB.RTS;0;20230428;091417;101250.000000000;2
SPFB.RTS;0;20230428;091417;101250.000000000;5
SPFB.RTS;0;20230428;091417;101250.000000000;5
SPFB.RTS;0;20230428;091417;101250.000000000;1
SPFB.RTS;0;20230428;091417;101250.000000000;2
SPFB.RTS;0;20230428;091417;101240.000000000;1
SPFB.RTS;0;20230428;091417;101240.000000000;1
SPFB.RTS;0;20230428;091418;101230.000000000;1
SPFB.RTS;0;20230428;091418;101240.000000000;1
SPFB.RTS;0;20230428;091418;101240.000000000;1
SPFB.RTS;0;20230428;091418;101240.000000000;1
SPFB.RTS;0;20230428;091418;101250.000000000;1
SPFB.RTS;0;20230428;091418;101230.000000000;2
SPFB.RTS;0;20230428;091418;101240.000000000;1
SPFB.RTS;0;20230428;091418;101240.000000000;1
SPFB.RTS;0;20230428;091418;101240.000000000;1
SPFB.RTS;0;20230428;091418;101240.000000000;1
SPFB.RTS;0;20230428;091418;101240.000000000;2
SPFB.RTS;0;20230428;091418;101240.000000000;1
SPFB.RTS;0;20230428;091418;101250.000000000;2
SPFB.RTS;0;20230428;091419;101240.000000000;1
SPFB.RTS;0;20230428;091419;101240.000000000;1
SPFB.RTS;0;20230428;091420;101240.000000000;2
SPFB.RTS;0;20230428;091420;101240.000000000;1
SPFB.RTS;0;20230428;091420;101240.000000000;1
SPFB.RTS;0;20230428;091421;101250.000000000;1
SPFB.RTS;0;20230428;091425;101250.000000000;1
SPFB.RTS;0;20230428;091431;101240.000000000;1
SPFB.RTS;0;20230428;091431;101240.000000000;2
SPFB.RTS;0;20230428;091435;101250.000000000;1
SPFB.RTS;0;20230428;091435;101250.000000000;1
SPFB.RTS;0;20230428;091435;101250.000000000;1
SPFB.RTS;0;20230428;091435;101250.000000000;9
SPFB.RTS;0;20230428;091435;101250.000000000;2
SPFB.RTS;0;20230428;091435;101250.000000000;1
SPFB.RTS;0;20230428;091435;101250.000000000;1
SPFB.RTS;0;20230428;091435;101250.000000000;1
SPFB.RTS;0;20230428;091435;101250.000000000;1
SPFB.RTS;0;20230428;091435;101250.000000000;50
SPFB.RTS;0;20230428;091435;101250.000000000;5
SPFB.RTS;0;20230428;091435;101250.000000000;3
SPFB.RTS;0;20230428;091435;101250.000000000;5
SPFB.RTS;0;20230428;091435;101250.000000000;1
SPFB.RTS;0;20230428;091435;101250.000000000;3
SPFB.RTS;0;20230428;091435;101250.000000000;1
SPFB.RTS;0;20230428;091439;101260.000000000;1
SPFB.RTS;0;20230428;091440;101260.000000000;1
SPFB.RTS;0;20230428;091440;101260.000000000;1
SPFB.RTS;0;20230428;091440;101260.000000000;1
SPFB.RTS;0;20230428;091440;101260.000000000;1
SPFB.RTS;0;20230428;091440;101260.000000000;1
SPFB.RTS;0;20230428;091440;101270.000000000;3
SPFB.RTS;0;20230428;091440;101270.000000000;1
SPFB.RTS;0;20230428;091440;101270.000000000;1
SPFB.RTS;0;20230428;091440;101270.000000000;1
SPFB.RTS;0;20230428;091440;101270.000000000;1
SPFB.RTS;0;20230428;091440;101270.000000000;1
SPFB.RTS;0;20230428;091440;101270.000000000;1
SPFB.RTS;0;20230428;091440;101270.000000000;1
SPFB.RTS;0;20230428;091440;101270.000000000;1
SPFB.RTS;0;20230428;091440;101270.000000000;1
SPFB.RTS;0;20230428;091440;101270.000000000;5
SPFB.RTS;0;20230428;091440;101270.000000000;1
SPFB.RTS;0;20230428;091440;101270.000000000;1
SPFB.RTS;0;20230428;091440;101270.000000000;3
SPFB.RTS;0;20230428;091441;101250.000000000;1
SPFB.RTS;0;20230428;091441;101250.000000000;1
SPFB.RTS;0;20230428;091441;101240.000000000;2
SPFB.RTS;0;20230428;091442;101270.000000000;1
SPFB.RTS;0;20230428;091442;101270.000000000;1
SPFB.RTS;0;20230428;091442;101270.000000000;3
SPFB.RTS;0;20230428;091442;101260.000000000;1
SPFB.RTS;0;20230428;091442;101260.000000000;2
SPFB.RTS;0;20230428;091443;101260.000000000;1
SPFB.RTS;0;20230428;091443;101240.000000000;3
SPFB.RTS;0;20230428;091444;101250.000000000;1
SPFB.RTS;0;20230428;091444;101250.000000000;1
SPFB.RTS;0;20230428;091444;101240.000000000;1
SPFB.RTS;0;20230428;091445;101260.000000000;1
SPFB.RTS;0;20230428;091445;101260.000000000;2
SPFB.RTS;0;20230428;091446;101260.000000000;1
SPFB.RTS;0;20230428;091447;101260.000000000;1
SPFB.RTS;0;20230428;091447;101250.000000000;2
SPFB.RTS;0;20230428;091447;101260.000000000;1
SPFB.RTS;0;20230428;091447;101260.000000000;2
SPFB.RTS;0;20230428;091450;101260.000000000;1
SPFB.RTS;0;20230428;091450;101270.000000000;4
SPFB.RTS;0;20230428;091450;101270.000000000;3
SPFB.RTS;0;20230428;091450;101270.000000000;3
SPFB.RTS;0;20230428;091450;101270.000000000;3
SPFB.RTS;0;20230428;091450;101270.000000000;3
SPFB.RTS;0;20230428;091451;101260.000000000;1
SPFB.RTS;0;20230428;091452;101270.000000000;1
SPFB.RTS;0;20230428;091454;101270.000000000;3
SPFB.RTS;0;20230428;091457;101270.000000000;3
SPFB.RTS;0;20230428;091501;101260.000000000;1
SPFB.RTS;0;20230428;091501;101260.000000000;1
SPFB.RTS;0;20230428;091501;101260.000000000;2
SPFB.RTS;0;20230428;091501;101260.000000000;2
SPFB.RTS;0;20230428;091501;101270.000000000;6
SPFB.RTS;0;20230428;091502;101260.000000000;1
SPFB.RTS;0;20230428;091502;101260.000000000;1
SPFB.RTS;0;20230428;091502;101250.000000000;1
SPFB.RTS;0;20230428;091502;101250.000000000;1
SPFB.RTS;0;20230428;091502;101250.000000000;2
SPFB.RTS;0;20230428;091502;101250.000000000;3
SPFB.RTS;0;20230428;091502;101250.000000000;2
SPFB.RTS;0;20230428;091502;101250.000000000;1
SPFB.RTS;0;20230428;091502;101260.000000000;1
SPFB.RTS;0;20230428;091502;101260.000000000;1
SPFB.RTS;0;20230428;091502;101260.000000000;2
SPFB.RTS;0;20230428;091502;101240.000000000;2
SPFB.RTS;0;20230428;091502;101240.000000000;1
SPFB.RTS;0;20230428;091504;101240.000000000;1
SPFB.RTS;0;20230428;091504;101240.000000000;2
SPFB.RTS;0;20230428;091504;101260.000000000;1
SPFB.RTS;0;20230428;091506;101250.000000000;1
SPFB.RTS;0;20230428;091506;101260.000000000;5
SPFB.RTS;0;20230428;091506;101260.000000000;1
SPFB.RTS;0;20230428;091506;101260.000000000;1
SPFB.RTS;0;20230428;091506;101260.000000000;2
SPFB.RTS;0;20230428;091506;101270.000000000;8
SPFB.RTS;0;20230428;091506;101270.000000000;1
SPFB.RTS;0;20230428;091506;101270.000000000;1
SPFB.RTS;0;20230428;091506;101270.000000000;1
SPFB.RTS;0;20230428;091506;101270.000000000;1
SPFB.RTS;0;20230428;091506;101270.000000000;1
SPFB.RTS;0;20230428;091506;101270.000000000;2
SPFB.RTS;0;20230428;091506;101280.000000000;1
SPFB.RTS;0;20230428;091506;101280.000000000;1
SPFB.RTS;0;20230428;091506;101280.000000000;1
SPFB.RTS;0;20230428;091506;101280.000000000;1
SPFB.RTS;0;20230428;091506;101280.000000000;1
SPFB.RTS;0;20230428;091506;101280.000000000;1
SPFB.RTS;0;20230428;091506;101280.000000000;2
SPFB.RTS;0;20230428;091506;101280.000000000;1
SPFB.RTS;0;20230428;091506;101280.000000000;41
SPFB.RTS;0;20230428;091506;101280.000000000;51
SPFB.RTS;0;20230428;091506;101280.000000000;1
SPFB.RTS;0;20230428;091506;101280.000000000;10
SPFB.RTS;0;20230428;091506;101280.000000000;2
SPFB.RTS;0;20230428;091506;101270.000000000;1
SPFB.RTS;0;20230428;091506;101270.000000000;1
SPFB.RTS;0;20230428;091506;101270.000000000;1
SPFB.RTS;0;20230428;091507;101270.000000000;3
SPFB.RTS;0;20230428;091507;101270.000000000;12
SPFB.RTS;0;20230428;091507;101280.000000000;1
SPFB.RTS;0;20230428;091508;101280.000000000;1
SPFB.RTS;0;20230428;091508;101280.000000000;1
SPFB.RTS;0;20230428;091508;101280.000000000;2
SPFB.RTS;0;20230428;091512;101280.000000000;13
SPFB.RTS;0;20230428;091512;101290.000000000;1
SPFB.RTS;0;20230428;091512;101290.000000000;1
SPFB.RTS;0;20230428;091512;101290.000000000;1
SPFB.RTS;0;20230428;091512;101290.000000000;9
SPFB.RTS;0;20230428;091512;101290.000000000;5
SPFB.RTS;0;20230428;091512;101290.000000000;2
SPFB.RTS;0;20230428;091512;101290.000000000;1
SPFB.RTS;0;20230428;091512;101290.000000000;1
SPFB.RTS;0;20230428;091512;101290.000000000;1
SPFB.RTS;0;20230428;091512;101290.000000000;4
SPFB.RTS;0;20230428;091512;101290.000000000;1
SPFB.RTS;0;20230428;091512;101290.000000000;2
SPFB.RTS;0;20230428;091512;101280.000000000;1
SPFB.RTS;0;20230428;091512;101280.000000000;1
SPFB.RTS;0;20230428;091512;101280.000000000;1
SPFB.RTS;0;20230428;091512;101290.000000000;12
SPFB.RTS;0;20230428;091513;101290.000000000;12
SPFB.RTS;0;20230428;091513;101290.000000000;12
SPFB.RTS;0;20230428;091513;101290.000000000;12
SPFB.RTS;0;20230428;091513;101290.000000000;13
SPFB.RTS;0;20230428;091513;101290.000000000;1
SPFB.RTS;0;20230428;091513;101300.000000000;1
SPFB.RTS;0;20230428;091513;101300.000000000;2
SPFB.RTS;0;20230428;091513;101300.000000000;1
SPFB.RTS;0;20230428;091513;101300.000000000;1
SPFB.RTS;0;20230428;091513;101280.000000000;1
SPFB.RTS;0;20230428;091513;101300.000000000;1
SPFB.RTS;0;20230428;091513;101300.000000000;1
SPFB.RTS;0;20230428;091514;101300.000000000;2
SPFB.RTS;0;20230428;091514;101300.000000000;4
SPFB.RTS;0;20230428;091514;101300.000000000;12
SPFB.RTS;0;20230428;091514;101300.000000000;1
SPFB.RTS;0;20230428;091514;101300.000000000;4
SPFB.RTS;0;20230428;091514;101300.000000000;1
SPFB.RTS;0;20230428;091514;101300.000000000;1
SPFB.RTS;0;20230428;091514;101300.000000000;2
SPFB.RTS;0;20230428;091514;101300.000000000;1
SPFB.RTS;0;20230428;091514;101300.000000000;1
SPFB.RTS;0;20230428;091514;101300.000000000;2
SPFB.RTS;0;20230428;091514;101300.000000000;1
SPFB.RTS;0;20230428;091515;101300.000000000;1
SPFB.RTS;0;20230428;091515;101300.000000000;3
SPFB.RTS;0;20230428;091516;101300.000000000;1
SPFB.RTS;0;20230428;091516;101290.000000000;1
SPFB.RTS;0;20230428;091516;101290.000000000;1
SPFB.RTS;0;20230428;091517;101300.000000000;1
SPFB.RTS;0;20230428;091517;101300.000000000;1
SPFB.RTS;0;20230428;091518;101300.000000000;3
SPFB.RTS;0;20230428;091518;101300.000000000;6
SPFB.RTS;0;20230428;091518;101300.000000000;4
SPFB.RTS;0;20230428;091518;101300.000000000;1
SPFB.RTS;0;20230428;091518;101300.000000000;1
SPFB.RTS;0;20230428;091521;101300.000000000;1
SPFB.RTS;0;20230428;091521;101300.000000000;3
SPFB.RTS;0;20230428;091523;101300.000000000;3
SPFB.RTS;0;20230428;091525;101300.000000000;3
SPFB.RTS;0;20230428;091526;101300.000000000;2
SPFB.RTS;0;20230428;091528;101300.000000000;12
SPFB.RTS;0;20230428;091528;101290.000000000;2
SPFB.RTS;0;20230428;091528;101290.000000000;1
SPFB.RTS;0;20230428;091528;101290.000000000;1
SPFB.RTS;0;20230428;091528;101290.000000000;7
SPFB.RTS;0;20230428;091528;101290.000000000;1
SPFB.RTS;0;20230428;091528;101290.000000000;1
SPFB.RTS;0;20230428;091528;101290.000000000;1
SPFB.RTS;0;20230428;091528;101290.000000000;1
SPFB.RTS;0;20230428;091528;101290.000000000;2
SPFB.RTS;0;20230428;091528;101290.000000000;2
SPFB.RTS;0;20230428;091528;101290.000000000;2
SPFB.RTS;0;20230428;091528;101290.000000000;1
SPFB.RTS;0;20230428;091528;101290.000000000;5
SPFB.RTS;0;20230428;091528;101300.000000000;3
SPFB.RTS;0;20230428;091529;101300.000000000;1
SPFB.RTS;0;20230428;091530;101300.000000000;4
SPFB.RTS;0;20230428;091530;101300.000000000;7
SPFB.RTS;0;20230428;091530;101300.000000000;1
SPFB.RTS;0;20230428;091530;101300.000000000;1
SPFB.RTS;0;20230428;091530;101300.000000000;1
SPFB.RTS;0;20230428;091531;101300.000000000;2
SPFB.RTS;0;20230428;091534;101310.000000000;2
SPFB.RTS;0;20230428;091534;101300.000000000;18
SPFB.RTS;0;20230428;091534;101290.000000000;1
SPFB.RTS;0;20230428;091534;101290.000000000;2
SPFB.RTS;0;20230428;091534;101280.000000000;1
SPFB.RTS;0;20230428;091534;101280.000000000;2
SPFB.RTS;0;20230428;091534;101280.000000000;1
SPFB.RTS;0;20230428;091534;101280.000000000;2
SPFB.RTS;0;20230428;091534;101280.000000000;1
SPFB.RTS;0;20230428;091534;101280.000000000;1
SPFB.RTS;0;20230428;091534;101280.000000000;3
SPFB.RTS;0;20230428;091534;101270.000000000;2
SPFB.RTS;0;20230428;091534;101270.000000000;3
SPFB.RTS;0;20230428;091534;101270.000000000;1
SPFB.RTS;0;20230428;091534;101270.000000000;3
SPFB.RTS;0;20230428;091534;101270.000000000;3
SPFB.RTS;0;20230428;091534;101270.000000000;2
SPFB.RTS;0;20230428;091534;101270.000000000;1
SPFB.RTS;0;20230428;091534;101270.000000000;24
SPFB.RTS;0;20230428;091534;101270.000000000;1
SPFB.RTS;0;20230428;091534;101270.000000000;3
SPFB.RTS;0;20230428;091534;101260.000000000;1
SPFB.RTS;0;20230428;091534;101270.000000000;3
SPFB.RTS;0;20230428;091534;101270.000000000;1
SPFB.RTS;0;20230428;091534;101270.000000000;3
SPFB.RTS;0;20230428;091536;101270.000000000;1
SPFB.RTS;0;20230428;091536;101270.000000000;3
SPFB.RTS;0;20230428;091539;101260.000000000;1
SPFB.RTS;0;20230428;091539;101260.000000000;1
SPFB.RTS;0;20230428;091540;101270.000000000;3
SPFB.RTS;0;20230428;091540;101270.000000000;1
SPFB.RTS;0;20230428;091540;101270.000000000;2
SPFB.RTS;0;20230428;091541;101280.000000000;1
SPFB.RTS;0;20230428;091541;101280.000000000;1
SPFB.RTS;0;20230428;091542;101280.000000000;1
SPFB.RTS;0;20230428;091543;101290.000000000;1
SPFB.RTS;0;20230428;091545;101290.000000000;1
SPFB.RTS;0;20230428;091546;101300.000000000;1
SPFB.RTS;0;20230428;091546;101300.000000000;3
SPFB.RTS;0;20230428;091548;101300.000000000;1
SPFB.RTS;0;20230428;091548;101300.000000000;1
SPFB.RTS;0;20230428;091548;101300.000000000;1
SPFB.RTS;0;20230428;091548;101300.000000000;1
SPFB.RTS;0;20230428;091548;101300.000000000;1
SPFB.RTS;0;20230428;091548;101290.000000000;1
SPFB.RTS;0;20230428;091548;101290.000000000;1
SPFB.RTS;0;20230428;091548;101300.000000000;1
SPFB.RTS;0;20230428;091548;101300.000000000;1
SPFB.RTS;0;20230428;091548;101300.000000000;1
SPFB.RTS;0;20230428;091548;101300.000000000;1
SPFB.RTS;0;20230428;091548;101290.000000000;1
SPFB.RTS;0;20230428;091552;101300.000000000;1
SPFB.RTS;0;20230428;091552;101300.000000000;1
SPFB.RTS;0;20230428;091552;101310.000000000;1
SPFB.RTS;0;20230428;091552;101310.000000000;3
SPFB.RTS;0;20230428;091552;101310.000000000;1
SPFB.RTS;0;20230428;091553;101300.000000000;1
SPFB.RTS;0;20230428;091554;101300.000000000;1
SPFB.RTS;0;20230428;091555;101310.000000000;4
SPFB.RTS;0;20230428;091556;101300.000000000;1
SPFB.RTS;0;20230428;091557;101300.000000000;2
SPFB.RTS;0;20230428;091557;101300.000000000;2
SPFB.RTS;0;20230428;091557;101300.000000000;1
SPFB.RTS;0;20230428;091600;101310.000000000;3
SPFB.RTS;0;20230428;091606;101310.000000000;4
SPFB.RTS;0;20230428;091606;101300.000000000;1
SPFB.RTS;0;20230428;091606;101300.000000000;3
SPFB.RTS;0;20230428;091606;101300.000000000;10
SPFB.RTS;0;20230428;091607;101310.000000000;3
SPFB.RTS;0;20230428;091608;101300.000000000;1
SPFB.RTS;0;20230428;091608;101300.000000000;1
SPFB.RTS;0;20230428;091608;101300.000000000;1
SPFB.RTS;0;20230428;091610;101300.000000000;8
SPFB.RTS;0;20230428;091610;101300.000000000;1
SPFB.RTS;0;20230428;091611;101310.000000000;2
SPFB.RTS;0;20230428;091617;101290.000000000;1
SPFB.RTS;0;20230428;091618;101300.000000000;2
SPFB.RTS;0;20230428;091618;101300.000000000;1
SPFB.RTS;0;20230428;091618;101300.000000000;1
SPFB.RTS;0;20230428;091618;101300.000000000;1
SPFB.RTS;0;20230428;091618;101310.000000000;3
SPFB.RTS;0;20230428;091624;101310.000000000;2
SPFB.RTS;0;20230428;091630;101300.000000000;2
SPFB.RTS;0;20230428;091630;101300.000000000;2
SPFB.RTS;0;20230428;091630;101300.000000000;1
SPFB.RTS;0;20230428;091630;101300.000000000;1
SPFB.RTS;0;20230428;091630;101300.000000000;1
SPFB.RTS;0;20230428;091630;101300.000000000;2
SPFB.RTS;0;20230428;091630;101300.000000000;5
SPFB.RTS;0;20230428;091630;101290.000000000;1
SPFB.RTS;0;20230428;091630;101290.000000000;1
SPFB.RTS;0;20230428;091631;101300.000000000;2
SPFB.RTS;0;20230428;091633;101300.000000000;1
SPFB.RTS;0;20230428;091635;101300.000000000;1
SPFB.RTS;0;20230428;091635;101310.000000000;2
SPFB.RTS;0;20230428;091635;101310.000000000;1
SPFB.RTS;0;20230428;091635;101310.000000000;2
SPFB.RTS;0;20230428;091635;101310.000000000;1
SPFB.RTS;0;20230428;091635;101310.000000000;2
SPFB.RTS;0;20230428;091635;101310.000000000;1
SPFB.RTS;0;20230428;091635;101310.000000000;1
SPFB.RTS;0;20230428;091635;101320.000000000;1
SPFB.RTS;0;20230428;091635;101320.000000000;1
SPFB.RTS;0;20230428;091635;101320.000000000;1
SPFB.RTS;0;20230428;091635;101320.000000000;1
SPFB.RTS;0;20230428;091635;101320.000000000;2
SPFB.RTS;0;20230428;091635;101320.000000000;1
SPFB.RTS;0;20230428;091635;101320.000000000;3
SPFB.RTS;0;20230428;091635;101330.000000000;3
SPFB.RTS;0;20230428;091635;101330.000000000;1
SPFB.RTS;0;20230428;091635;101330.000000000;2
SPFB.RTS;0;20230428;091640;101300.000000000;1
SPFB.RTS;0;20230428;091642;101330.000000000;1
SPFB.RTS;0;20230428;091643;101300.000000000;1
SPFB.RTS;0;20230428;091643;101300.000000000;2
SPFB.RTS;0;20230428;091643;101300.000000000;1
SPFB.RTS;0;20230428;091643;101290.000000000;1
SPFB.RTS;0;20230428;091649;101300.000000000;1
SPFB.RTS;0;20230428;091649;101300.000000000;1
SPFB.RTS;0;20230428;091649;101290.000000000;1
SPFB.RTS;0;20230428;091649;101290.000000000;1
SPFB.RTS;0;20230428;091649;101290.000000000;1
SPFB.RTS;0;20230428;091651;101300.000000000;1
SPFB.RTS;0;20230428;091655;101300.000000000;1
SPFB.RTS;0;20230428;091655;101300.000000000;1
SPFB.RTS;0;20230428;091657;101290.000000000;2
SPFB.RTS;0;20230428;091657;101290.000000000;2
SPFB.RTS;0;20230428;091657;101290.000000000;1
SPFB.RTS;0;20230428;091657;101280.000000000;1
SPFB.RTS;0;20230428;091657;101280.000000000;1
SPFB.RTS;0;20230428;091659;101300.000000000;8
SPFB.RTS;0;20230428;091709;101280.000000000;1
SPFB.RTS;0;20230428;091709;101280.000000000;1
SPFB.RTS;0;20230428;091709;101280.000000000;2
SPFB.RTS;0;20230428;091709;101270.000000000;2
SPFB.RTS;0;20230428;091709;101270.000000000;1
SPFB.RTS;0;20230428;091709;101270.000000000;1
SPFB.RTS;0;20230428;091709;101270.000000000;1
SPFB.RTS;0;20230428;091709;101270.000000000;5
SPFB.RTS;0;20230428;091709;101270.000000000;2
SPFB.RTS;0;20230428;091709;101270.000000000;1
SPFB.RTS;0;20230428;091709;101270.000000000;1
SPFB.RTS;0;20230428;091713;101270.000000000;5
SPFB.RTS;0;20230428;091716;101280.000000000;1
SPFB.RTS;0;20230428;091716;101280.000000000;1
SPFB.RTS;0;20230428;091716;101280.000000000;1
SPFB.RTS;0;20230428;091716;101280.000000000;1
SPFB.RTS;0;20230428;091718;101280.000000000;1
SPFB.RTS;0;20230428;091724;101280.000000000;1
SPFB.RTS;0;20230428;091726;101270.000000000;1
SPFB.RTS;0;20230428;091726;101270.000000000;1
SPFB.RTS;0;20230428;091726;101260.000000000;1
SPFB.RTS;0;20230428;091727;101260.000000000;2
SPFB.RTS;0;20230428;091727;101260.000000000;1
SPFB.RTS;0;20230428;091730;101260.000000000;1
SPFB.RTS;0;20230428;091730;101250.000000000;1
SPFB.RTS;0;20230428;091733;101250.000000000;1
SPFB.RTS;0;20230428;091739;101260.000000000;1
SPFB.RTS;0;20230428;091742;101250.000000000;2
SPFB.RTS;0;20230428;091746;101250.000000000;2
SPFB.RTS;0;20230428;091748;101260.000000000;1
SPFB.RTS;0;20230428;091748;101260.000000000;1
SPFB.RTS;0;20230428;091751;101250.000000000;2
SPFB.RTS;0;20230428;091752;101250.000000000;1
SPFB.RTS;0;20230428;091753;101250.000000000;1
SPFB.RTS;0;20230428;091754;101260.000000000;2
SPFB.RTS;0;20230428;091755;101250.000000000;15
SPFB.RTS;0;20230428;091758;101250.000000000;1
SPFB.RTS;0;20230428;091801;101250.000000000;2
SPFB.RTS;0;20230428;091802;101260.000000000;1
SPFB.RTS;0;20230428;091804;101260.000000000;1
SPFB.RTS;0;20230428;091804;101270.000000000;1
SPFB.RTS;0;20230428;091804;101270.000000000;1
SPFB.RTS;0;20230428;091815;101260.000000000;1
SPFB.RTS;0;20230428;091815;101260.000000000;1
SPFB.RTS;0;20230428;091817;101260.000000000;1
SPFB.RTS;0;20230428;091817;101270.000000000;1
SPFB.RTS;0;20230428;091818;101270.000000000;1
SPFB.RTS;0;20230428;091818;101270.000000000;1
SPFB.RTS;0;20230428;091818;101270.000000000;1
SPFB.RTS;0;20230428;091820;101260.000000000;1
SPFB.RTS;0;20230428;091821;101260.000000000;2
SPFB.RTS;0;20230428;091821;101250.000000000;1
SPFB.RTS;0;20230428;091821;101250.000000000;1
SPFB.RTS;0;20230428;091821;101250.000000000;1
SPFB.RTS;0;20230428;091821;101250.000000000;1
SPFB.RTS;0;20230428;091821;101250.000000000;2
SPFB.RTS;0;20230428;091823;101250.000000000;2
SPFB.RTS;0;20230428;091824;101260.000000000;1
SPFB.RTS;0;20230428;091825;101250.000000000;4
SPFB.RTS;0;20230428;091825;101250.000000000;1
SPFB.RTS;0;20230428;091828;101260.000000000;1
SPFB.RTS;0;20230428;091828;101270.000000000;1
SPFB.RTS;0;20230428;091829;101270.000000000;1
SPFB.RTS;0;20230428;091829;101280.000000000;1
SPFB.RTS;0;20230428;091829;101280.000000000;3
SPFB.RTS;0;20230428;091832;101270.000000000;2
SPFB.RTS;0;20230428;091832;101280.000000000;1
SPFB.RTS;0;20230428;091834;101250.000000000;2
SPFB.RTS;0;20230428;091834;101270.000000000;1
SPFB.RTS;0;20230428;091834;101270.000000000;1
SPFB.RTS;0;20230428;091836;101250.000000000;2
SPFB.RTS;0;20230428;091841;101250.000000000;1
SPFB.RTS;0;20230428;091848;101270.000000000;1
SPFB.RTS;0;20230428;091848;101270.000000000;1
SPFB.RTS;0;20230428;091848;101270.000000000;2
SPFB.RTS;0;20230428;091848;101270.000000000;1
SPFB.RTS;0;20230428;091849;101250.000000000;1
SPFB.RTS;0;20230428;091850;101280.000000000;1
SPFB.RTS;0;20230428;091859;101260.000000000;1
SPFB.RTS;0;20230428;091904;101280.000000000;1
SPFB.RTS;0;20230428;091906;101280.000000000;1
SPFB.RTS;0;20230428;091910;101270.000000000;1
SPFB.RTS;0;20230428;091911;101270.000000000;1
SPFB.RTS;0;20230428;091911;101280.000000000;3
SPFB.RTS;0;20230428;091911;101280.000000000;1
SPFB.RTS;0;20230428;091918;101270.000000000;3
SPFB.RTS;0;20230428;091918;101270.000000000;2
SPFB.RTS;0;20230428;091919;101250.000000000;1
SPFB.RTS;0;20230428;091919;101250.000000000;1
SPFB.RTS;0;20230428;091923;101270.000000000;1
SPFB.RTS;0;20230428;091925;101270.000000000;1
SPFB.RTS;0;20230428;091942;101250.000000000;1
SPFB.RTS;0;20230428;091942;101250.000000000;1
SPFB.RTS;0;20230428;091947;101270.000000000;1
SPFB.RTS;0;20230428;091947;101270.000000000;1
SPFB.RTS;0;20230428;091948;101270.000000000;1
SPFB.RTS;0;20230428;091950;101270.000000000;1
SPFB.RTS;0;20230428;091957;101260.000000000;1
SPFB.RTS;0;20230428;092007;101280.000000000;1
SPFB.RTS;0;20230428;092012;101280.000000000;1
SPFB.RTS;0;20230428;092014;101280.000000000;1
SPFB.RTS;0;20230428;092015;101290.000000000;2
SPFB.RTS;0;20230428;092018;101270.000000000;1
SPFB.RTS;0;20230428;092023;101270.000000000;1
SPFB.RTS;0;20230428;092024;101270.000000000;1
SPFB.RTS;0;20230428;092024;101270.000000000;2
SPFB.RTS;0;20230428;092024;101260.000000000;1
SPFB.RTS;0;20230428;092024;101250.000000000;1
SPFB.RTS;0;20230428;092024;101250.000000000;1
SPFB.RTS;0;20230428;092024;101250.000000000;1
SPFB.RTS;0;20230428;092024;101250.000000000;9
SPFB.RTS;0;20230428;092026;101250.000000000;1
SPFB.RTS;0;20230428;092026;101250.000000000;1
SPFB.RTS;0;20230428;092027;101250.000000000;1
SPFB.RTS;0;20230428;092027;101240.000000000;1
SPFB.RTS;0;20230428;092027;101240.000000000;5
SPFB.RTS;0;20230428;092027;101240.000000000;1
SPFB.RTS;0;20230428;092031;101240.000000000;1
SPFB.RTS;0;20230428;092032;101240.000000000;2
SPFB.RTS;0;20230428;092038;101240.000000000;1
SPFB.RTS;0;20230428;092038;101240.000000000;2
SPFB.RTS;0;20230428;092039;101250.000000000;1
SPFB.RTS;0;20230428;092040;101240.000000000;8
SPFB.RTS;0;20230428;092040;101240.000000000;1
SPFB.RTS;0;20230428;092040;101240.000000000;1
SPFB.RTS;0;20230428;092040;101230.000000000;1
SPFB.RTS;0;20230428;092040;101220.000000000;1
SPFB.RTS;0;20230428;092041;101220.000000000;1
SPFB.RTS;0;20230428;092044;101220.000000000;1
SPFB.RTS;0;20230428;092045;101220.000000000;5
SPFB.RTS;0;20230428;092045;101220.000000000;1
SPFB.RTS;0;20230428;092045;101220.000000000;1
SPFB.RTS;0;20230428;092045;101220.000000000;2
SPFB.RTS;0;20230428;092045;101220.000000000;1
SPFB.RTS;0;20230428;092049;101230.000000000;1
SPFB.RTS;0;20230428;092050;101240.000000000;1
SPFB.RTS;0;20230428;092050;101240.000000000;1
SPFB.RTS;0;20230428;092054;101230.000000000;2
SPFB.RTS;0;20230428;092056;101230.000000000;6
SPFB.RTS;0;20230428;092056;101230.000000000;2
SPFB.RTS;0;20230428;092057;101220.000000000;1
SPFB.RTS;0;20230428;092057;101220.000000000;1
SPFB.RTS;0;20230428;092057;101210.000000000;3
SPFB.RTS;0;20230428;092057;101210.000000000;2
SPFB.RTS;0;20230428;092057;101210.000000000;9
SPFB.RTS;0;20230428;092057;101210.000000000;1
SPFB.RTS;0;20230428;092058;101210.000000000;1
SPFB.RTS;0;20230428;092058;101210.000000000;1
SPFB.RTS;0;20230428;092058;101210.000000000;1
SPFB.RTS;0;20230428;092058;101210.000000000;1
SPFB.RTS;0;20230428;092058;101210.000000000;1
SPFB.RTS;0;20230428;092058;101210.000000000;2
SPFB.RTS;0;20230428;092058;101200.000000000;1
SPFB.RTS;0;20230428;092058;101200.000000000;1
SPFB.RTS;0;20230428;092058;101200.000000000;1
SPFB.RTS;0;20230428;092058;101200.000000000;1
SPFB.RTS;0;20230428;092058;101200.000000000;1
SPFB.RTS;0;20230428;092058;101200.000000000;1
SPFB.RTS;0;20230428;092058;101200.000000000;2
SPFB.RTS;0;20230428;092058;101190.000000000;1
SPFB.RTS;0;20230428;092058;101190.000000000;1
SPFB.RTS;0;20230428;092058;101190.000000000;1
SPFB.RTS;0;20230428;092058;101190.000000000;1
SPFB.RTS;0;20230428;092058;101190.000000000;2
SPFB.RTS;0;20230428;092058;101190.000000000;1
SPFB.RTS;0;20230428;092058;101190.000000000;2
SPFB.RTS;0;20230428;092058;101190.000000000;2
SPFB.RTS;0;20230428;092058;101190.000000000;2
SPFB.RTS;0;20230428;092058;101190.000000000;2
SPFB.RTS;0;20230428;092058;101190.000000000;1
SPFB.RTS;0;20230428;092058;101180.000000000;2
SPFB.RTS;0;20230428;092058;101180.000000000;2
SPFB.RTS;0;20230428;092058;101180.000000000;1
SPFB.RTS;0;20230428;092058;101180.000000000;1
SPFB.RTS;0;20230428;092059;101180.000000000;1
SPFB.RTS;0;20230428;092059;101180.000000000;5
SPFB.RTS;0;20230428;092059;101180.000000000;1
SPFB.RTS;0;20230428;092059;101180.000000000;3
SPFB.RTS;0;20230428;092059;101180.000000000;1
SPFB.RTS;0;20230428;092059;101180.000000000;1
SPFB.RTS;0;20230428;092059;101180.000000000;1
SPFB.RTS;0;20230428;092059;101180.000000000;1
SPFB.RTS;0;20230428;092059;101170.000000000;3
SPFB.RTS;0;20230428;092059;101170.000000000;7
SPFB.RTS;0;20230428;092059;101180.000000000;1
SPFB.RTS;0;20230428;092059;101180.000000000;1
SPFB.RTS;0;20230428;092059;101180.000000000;1
SPFB.RTS;0;20230428;092059;101180.000000000;2
SPFB.RTS;0;20230428;092059;101190.000000000;1
